2032 3286
1576 217 1626 251 29

235 337 300 380 tui
341 332 508 376 essent'.
548 358 605 363 -—
647 333 730 374 An.
768 333 789 374 I
826 333 901 380 51,
941 335 967 375 9
1012 335 1247 388 incessitque
1277 334 1454 374 itineri
1483 344 1517 376 et
1542 350 1685 391 proe-

236 406 299 445 tio
330 403 356 443 i.
393 415 429 441 e.
469 399 534 442 'ad
577 401 658 441 iter
698 399 996 453 perficiendum
1040 404 1084 441 et
1119 404 1168 441 ut
1204 400 1408 454 proelium
1444 404 1683 444 committe-

236 467 313 511 ret'
339 466 636 522 (Boetticher).
673 465 775 508 Otto
811 466 862 508 ad
892 466 934 508 h.
972 467 999 507 1.
1027 467 1267 521 suspicatur
1302 480 1456 516 vocem,
1493 483 1585 523 quae
1619 472 1684 509 est

233 544 416 595 paratus,
455 534 655 576 excidisse
692 537 792 575 ante
837 534 1085 576 vocabulum
1132 534 1358 588 insequens
1402 535 1511 577 Pars
1547 540 1588 577 et
1626 537 1686 578 le-

235 604 420 660 gendum
466 616 555 643 esse
602 603 738 643 itineri
783 609 818 643 et
861 602 1013 657 proelio
1054 610 1226 659 paratus
1283 601 1436 643 collato
1472 593 1686 645 simillimo

236 672 324 713 loco
359 670 562 712 Curtiano
596 668 662 709 III
682 669 724 718 8,
761 668 831 709 sed
867 669 1140 710 conferantur
1173 667 1335 710 Tacitei
1370 669 1446 711 loci
1475 670 1558 712 An.
1580 671 1687 713 XIII

238 739 314 789 40,
354 739 379 780 6
424 739 467 779 et
509 735 611 779 XIV
657 737 698 788 3,
741 736 815 788 11,
861 749 964 790 quos
1007 736 1120 778 infra
1165 735 1461 779 exscribamus.
1505 764 1560 769 —
1604 738 1684 781 An.

235 805 278 847 II
317 806 358 855 7,
398 807 423 846 9
461 804 650 845 Restituit
678 819 794 844 aram
824 804 1081 860 honorique
1104 807 1239 860 patri-s
1262 806 1456 860 princeps
1481 807 1565 861 ipse
1597 823 1687 847 cum

232 873 455 928 leyionibus
494 872 719 912 decucurrit
754 871 782 912 i.
815 884 848 911 e.
890 868 949 912 'ut
986 871 1118 912 honor
1164 871 1277 925 patri
1323 871 1598 924 tribueretur,
1637 876 1686 915 ut

235 939 464 981 honoraret
499 935 690 991 patrem'.
737 963 788 968 —
831 938 914 979 An.
937 937 1074 988 1158,
1099 938 1155 979 10
1194 939 1353 979 Datum
1384 941 1428 979 id
1458 956 1536 981 reon
1569 943 1685 982 modo

232 1007 415 1063 precibus
446 1005 658 1054 Artabani,
695 1006 763 1045 sed
793 1005 1107 1047 contumeliae
1139 1005 1315 1047 Pisonis.
1391 1004 1471 1048 Hic
1506 1021 1684 1063 zeugma
1757 1025 1763 1030 ¹

236 1075 373 1115 inesse
407 1075 547 1115 censet
581 1070 707 1114 Otto„
767 1071 887 1113 Certe
933 1072 1124 1127 intellegi
1160 1071 1228 1113 hic
1264 1073 1376 1113 locus
1412 1088 1496 1114 non
1528 1078 1681 1128 potest,

235 1141 319 1182 nisi
354 1144 555 1194 putamus
589 1139 835 1180 contumeliae
865 1140 1030 1181 Pisonis
1067 1139 1176 1180 idem
1221 1153 1310 1181 esse
1344 1140 1453 1194 quod
1490 1138 1549 1182 'in
1585 1156 1684 1183 eon-

234 1207 455 1249 tumeliam
490 1205 668 1255 Pisonis,
707 1208 755 1246 ut
789 1205 1043 1247 contumelia
1070 1205 1210 1247 Pisoni
1230 1205 1484 1248 inferretur'.
1541 1208 1684 1250 Aliam

236 1276 321 1317 vim
365 1274 492 1316 habet
534 1271 693 1313 'honori
730 1272 906 1315 alicuius
941 1270 1067 1323 dare',
1112 1273 1221 1327 quod
1257 1276 1321 1315 est
1356 1274 1401 1315 in
1436 1274 1580 1316 eodem
1615 1290 1685 1317 ca-

234 1343 334 1398 pite.
375 1367 436 1372 —
475 1340 555 1383 An.
593 1338 655 1380 IV
694 1339 769 1391 72,
813 1340 870 1382 13
907 1342 1031 1397 rapti,
1074 1341 1145 1396 qui
1174 1340 1356 1382 tributo
1386 1343 1567 1388 aderant,
1607 1343 1686 1384 mi-

233 1411 319 1451 lites
353 1410 381 1450 i.
404 1423 441 1450 e.
462 1406 527 1450 'ad
558 1407 766 1448 tributum
797 1408 1065 1463 exigendum,
1102 1410 1152 1449 ut
1186 1408 1395 1449 tributum
1419 1408 1686 1463 exigeretur'.

234 1475 511 1520 Conferamus
553 1473 658 1515 illud
700 1474 908 1517 scribendo
938 1475 1086 1518 adesse.
1119 1500 1178 1505 —
1219 1476 1302 1518 An.
1343 1474 1401 1517 VI
1442 1476 1514 1522 17,
1556 1477 1581 1518 8
1619 1492 1688 1518 ea—

234 1560 323 1599 que,
361 1558 451 1599 quae
492 1542 709 1583 remedio
753 1543 934 1596 qaaesita,
975 1543 1149 1583 venditio
1188 1551 1222 1582 et
1260 1545 1417 1597 emptio,
1453 1546 1493 1583 in
1525 1553 1688 1585 contra-

236 1613 340 1652 rium
380 1610 541 1655 vautort,
578 1621 664 1662 eqs.
703 1608 731 1649 i.
768 1622 802 1649 e.
842 1606 902 1649 'ut
938 1608 1168 1650 remedium
1211 1609 1256 1650 in
1300 1608 1351 1650 iis
1387 1609 1511 1651 rebus
1549 1608 1685 1652 esset'.

241 1702 293 1709 —-
346 1676 427 1718 An.
466 1675 550 1717 XII
590 1676 662 1726 13,
706 1675 758 1716 11
802 1683 929 1717 mone-t
972 1677 1208 1725 sacerdotes,
1253 1684 1295 1717 ut
1338 1677 1527 1731 temptam
1573 1680 1687 1719 iuxta

234 1759 351 1800 equos
382 1744 588 1784 venatui
623 1743 841 1783 adornatos
870 1744 1012 1784 sistant
1045 1743 1073 1783 i.
1105 1756 1140 1783 e.
1180 1740 1244 1783 'ad
1279 1746 1496 1793 venatum,
1534 1746 1583 1785 ut
1619 1758 1687 1786 ve-

235 1813 363 1853 natus
397 1811 428 1852 ii
464 1809 666 1851 adhibitis
702 1806 805 1851 fiat'.
856 1835 909 1841 --
961 1809 1045 1853 An.
1083 1808 1167 1850 XII
1205 1810 1281 1859 69,
1322 1812 1348 1851 3
1387 1810 1501 1852 Nero
1531 1813 1688 1866 eyredi-

234 1880 347 1919 ditur
384 1880 439 1918 ad
477 1878 684 1923 cohortem,
731 1891 819 1932 qetae
848 1892 956 1917 more
986 1877 1139 1917 militiae
1169 1878 1399 1919 excubiis
1428 1879 1552 1926 adest,
1588 1878 1616 1920 i.
1648 1892 1684 1919 e.

234 1942 300 1986 'ad
336 1943 533 1986 excubias
569 1940 818 1990 habendas'3
855 1943 909 1984 cf.v
948 1942 1032 1984 An.
1071 1942 1132 1984 IV
1155 1943 1229 1993 72,
1264 1943 1334 1985 13.
1371 1968 1439 1975 -—
1473 1944 1557 1985 An.
1579 1943 1686 1986 XIII

236 2012 311 2060 25,
351 2011 378 2051 4
424 2010 702 2052 comitantibus
738 2010 809 2065 qui
845 2018 1032 2064 raperent
1071 2010 1359 2051 venditioni
1386 2013 1566 2065 exposita
1586 2025 1684 2065 >eqs.

235 2078 263 2120 i.
284 2093 321 2120 e.
350 2076 411 2119 'ut
446 2076 631 2119 venditio
665 2074 798 2127 fieret,
836 2078 885 2117 ut
909 2073 1217 2117 venderentur'.
1247 2101 1298 2106 -—
1322 2081 1406 2118 An.
1429 2075 1536 2117 XIII
1555 2077 1631 2128 26,
1655 2078 1681 2119 9

235 2163 282 2188 ac
309 2145 600 2187 verberibus
636 2159 781 2185 manus
818 2144 921 2185 ultro
956 2145 1215 2191 intenderent,
1255 2144 1284 2185 i.
1315 2158 1351 2185 e.
1389 2142 1449 2185 'ut
1491 2144 1685 2186 verbera-

234 2215 345 2264 rent,
383 2215 431 2254 ut
449 2211 687 2254 verberibus
723 2208 1012 2267 castigarent'.
1066 2209 1129 2253 Cf.
1167 2213 1209 2253 iu
1246 2211 1419 2254 verbera.
1451 2210 1580 2267 Verg.
1626 2237 1679 2244 —

235 2280 320 2322 An.
347 2279 456 2321 XIII
488 2280 563 2329 32,
598 2279 618 2319 1
659 2279 826 2319 Factum
855 2286 891 2319 et
919 2285 1078 2320 senatus
1107 2279 1325 2320 consultum
1356 2279 1541 2319 ultioni
1570 2281 1685 2321 iuxta

234 2356 270 2390 et
300 2348 596 2396 securitati,
627 2355 668 2387 ut
697 2359 784 2400 eqs.
813 2346 840 2387 i.
857 2360 891 2389 e.
912 2343 976 2387 'ad
995 2344 1198 2387 ultionem
1227 2347 1268 2386 et
1296 2345 1565 2387 securitatem
1596 2360 1684 2387 ser-

235 2414 410 2463 vandas,
448 2417 496 2454 ut
517 2414 623 2454 ultio
657 2415 701 2453 et
735 2413 938 2454 securitas
974 2410 1269 2454 servarentur'.
1295 2437 1353 2442 —
1373 2411 1455 2453 An.
1479 2410 1585 2452 XIII
1605 2413 1682 2464 40,

238 2482 263 2523 6
302 2497 381 2523 non
419 2482 560 2537 iynoro
594 2482 691 2522 duce
721 2487 867 2530 nostro,
899 2483 969 2536 qni
998 2481 1084 2521 vioe
1117 2482 1272 2536 pariter
1302 2487 1337 2521 et
1367 2494 1549 2536 puynoe
1578 2495 1686 2522 com-

230 2556 424 2603 posuerat
453 2549 684 2588 exercitum.
742 2546 804 2588 Cf.
842 2549 981 2588 itineri
1013 2555 1048 2587 et
1071 2547 1224 2601 proelio
1259 2545 1342 2587 An.
1382 2546 1400 2586 I
1438 2546 1514 2594 51,
1537 2547 1580 2587 9.
1629 2573 1681 2578 —

238 2614 319 2657 An.
358 2613 459 2657 XIV
496 2614 538 2664 3,
581 2613 634 2654 11
685 2619 724 2656 et
771 2628 819 2654 ne
857 2616 947 2669 qais
990 2614 1051 2656 illi
1093 2620 1201 2654 tanto
1233 2613 1474 2670 facinori
1515 2613 1686 2656 delecta-s·

237 2683 346 2723 iussa
376 2688 578 2738 sperneret
607 2680 827 2722 metuebant
861 2680 889 2721 i.
921 2694 956 2721 e.
995 2678 1058 2722 'ad
1095 2679 1196 2721 illud
1231 2675 1402 2721 tantum
1439 2679 1607 2723 facinus
1626 2681 1686 2724 ef-

237 2748 477 2801 ficiendum,
515 2750 565 2791 ut
599 2747 627 2790 i.
664 2750 697 2798 t.
735 2747 900 2791 facinus
936 2744 1197 2790 efficeretur'.
1252 2746 1315 2790 Cf.
1353 2746 1408 2789 H.
1437 2746 1500 2792 IV
1540 2749 1616 2801 81,
1640 2750 1680 2791 8.
