2032 3286
401 223 448 258 10

337 334 486 375 tandi
521 334 874 389 significationem
911 334 1066 376 habere
1102 334 1146 374 in
1182 332 1420 381 sententiis,
1457 334 1506 372 ut
1541 336 1643 373 sunt
1671 331 1726 374 H.
1748 333 1791 375 II

340 401 415 450 42,
460 401 479 440 l
529 403 743 443 Attonitas
780 403 914 444 sabito
954 409 1108 442 terrore
1137 407 1289 440 mentes
1316 398 1483 456 falsum
1510 400 1715 454 yaudium
1745 402 1790 441 in

336 467 580 522 lanquorem
610 471 744 518 vertit,
776 468 830 509 H.
850 468 929 517 III,
954 469 1029 517 86,
1055 468 1078 508 7
1118 468 1254 507 inerat
1291 473 1427 506 tamen
1458 466 1710 522 simplicitas
1740 482 1790 509 ac

337 534 583 582 liberalitas,
615 551 717 591 quoe,
747 536 794 576 ni
822 536 934 577 adsit
963 535 1123 583 modus,
1155 534 1200 574 in
1230 534 1404 574 emittam
1434 540 1662 583 vertuntur,
1701 532 1785 575 An.

337 600 356 640 I
396 601 472 648 51,
517 601 571 641 18
606 609 882 657 properarent
912 601 1080 655 culpam
1109 601 1155 640 in
1186 601 1310 640 decus
1336 606 1507 648 vertere,
1537 599 1621 640 An.
1651 598 1672 640 I
1711 600 1786 649 73,

344 667 397 706 11
448 682 529 707 uon
573 669 665 708 ideo
695 669 900 709 decretum
937 667 1061 722 patri
1090 681 1162 707 seeo
1203 665 1360 714 coelum,
1407 673 1451 705 ut
1489 666 1534 705 in
1556 666 1789 721 perniciem

336 734 489 774 civium
520 735 557 774 is
586 734 715 775 honor
743 741 978 775 verteretur.

435 800 638 849 Quoniam
687 800 738 841 de
783 799 1095 854 significatione
1140 799 1266 840 huius
1314 797 1447 840 dativi
1494 798 1782 847 disseruimus,

335 881 468 920 pauca
503 865 684 907 dicemus
720 867 769 908 de
807 867 1026 908 nomine.
1101 865 1163 907 Ex
1200 866 1265 913 iis,
1304 879 1397 919 quae
1433 865 1518 906 iam
1554 865 1788 919 disputavi-

334 947 440 981 mus,
484 932 680 980 efficitur,
735 936 782 973 ut
820 947 973 974 nomen
1010 932 1152 973 finalis
1189 932 1324 973 dativi
1363 945 1630 985 nequaquam
1667 931 1788 973 adhi-

335 998 514 1039 bendum
563 999 632 1046 sit,
682 1013 814 1052 quum
863 999 930 1040 hic
966 999 1136 1040 dativus
1174 999 1346 1039 minime.
1385 997 1538 1038 indicet
1573 997 1782 1051 quendam

334 1064 461 1105 finem
498 1064 559 1104 vel
597 1065 805 1118 quoddam
841 1065 1076 1106 consilium.
1149 1062 1296 1118 Neque
1333 1064 1476 1117 aptius
1511 1063 1678 1104 videtur
1713 1078 1788 1105 110-

332 1145 427 1171 men
478 1132 748 1183 praedicativi,
796 1146 928 1186 quum
974 1131 1028 1173 ad
1072 1131 1345 1184 praedicatum
1381 1129 1660 1184 supplendum
1695 1131 1788 1184 qni-

337 1196 430 1237 dem
466 1196 734 1248 adhibeatur,
774 1198 844 1239 sed
882 1212 966 1239 non
1003 1211 1078 1252 pro
1114 1196 1382 1252 praedicativo
1409 1196 1539 1250 accipi
1566 1197 1700 1251 possit
1722 1197 1787 1239 vel

336 1264 443 1305 idem
496 1264 636 1306 valeat
684 1268 814 1319 atque
848 1280 999 1307 nomen
1050 1266 1093 1306 in
1142 1264 1403 1306 nominativo
1439 1263 1505 1305 vel
1542 1265 1783 1306 accusativo

336 1345 411 1384 pro
448 1331 716 1384 praedicativo
762 1333 961 1385 positum.
1036 1331 1097 1376 Id.
1154 1331 1264 1386 quod
1316 1329 1546 1372 Nieliinder
1580 1334 1801 1389 usurpat,-

340 1411 491 1437 nomen
542 1398 722 1439 sactitivi
769 1399 985 1440 obscurius
1034 1398 1200 1439 videtur
1248 1412 1382 1452 neque
1429 1388 1786 1450 significationem

336 1464 401 1504 vel
446 1479 570 1505 usum
615 1465 854 1506 accuratius
899 1465 1114 1518 exprimit.
1187 1465 1321 1517 Atqui
1357 1465 1462 1505 satis
1498 1467 1676 1517 apparet
1712 1479 1787 1505 no-

334 1544 425 1570 men
471 1531 607 1583 ipsum
646 1545 697 1571 ex
732 1545 795 1574 ea.
833 1546 927 1585 quae
962 1531 1087 1573 huius
1123 1531 1256 1572 dativi
1293 1533 1371 1579 est,
1411 1531 1449 1571 vi
1488 1544 1535 1571 ac
1570 1530 1787 1585 significa-

331 1597 447 1637 tione
482 1611 571 1637 esse
607 1597 872 1638 sumendum.
931 1597 1069 1648 Quam
1105 1597 1158 1638 ob
1193 1611 1381 1646 causam,
1431 1611 1562 1651 quum
1599 1597 1675 1639 hoc
1711 1597 1786 1638 da-

329 1663 417 1703 tivo
453 1663 637 1704 maxime
673 1664 850 1705 effectus
895 1665 1068 1718 quidam
1106 1663 1385 1719 significetur,
1425 1663 1692 1718 aptissimum
1724 1664 1786 1705 vi-

328 1729 453 1770 detur
490 1744 583 1770 eum
619 1730 850 1772 dativum
886 1731 1117 1773 effectus
1155 1730 1382 1784 appellare.

429 1795 627 1850 Sequitur
663 1800 711 1838 ut
746 1798 891 1851 paucis
929 1798 1176 1844 indicemus,
1216 1797 1268 1838 ad
1304 1811 1433 1851 quam
1469 1798 1676 1839 rationem
1695 1811 1786 1838 om-

330 1877 402 1903 nes
452 1863 574 1912 locos,
612 1865 656 1904 in
691 1864 843 1918 quibus
881 1864 946 1906 hic
982 1865 1153 1906 dativus
1191 1863 1367 1905 effectus
1404 1864 1529 1914 inest,
1576 1864 1783 1905 distribu-

328 1930 414 1969 turi
452 1930 596 1970 simus.
653 1930 838 1971 Primum
878 1931 1012 1985 igitur
1049 1944 1223 1985 agemus
1259 1929 1309 1971 de
1346 1931 1410 1979 iis,
1450 1931 1492 1971 in
1530 1931 1683 1985 quibus
1721 1930 1784 1971 vel

328 1996 485 2051 legitur
533 1997 595 2038 vel
645 1997 770 2038 simul
818 1997 993 2039 auditur
1038 1996 1212 2039 verbum
1259 1997 1590 2039 substantivum.
1664 1995 1785 2039 Nihil

285 2106 288 2108 Α
330 2063 442 2103 enim
478 2077 591 2113 curo,
633 2064 803 2104 verbnm
840 2079 925 2105 esse
960 2065 1166 2118 scriptum
1192 2064 1249 2105 sit
1266 2078 1321 2105 an
1344 2064 1613 2113 audiendum,
1654 2077 1785 2118 quum

325 2128 521 2171 Tacitum
564 2131 666 2172 illud
713 2131 962 2173 vocabulum
1006 2131 1235 2185 saepissime
1283 2131 1414 2172 etiam
1451 2132 1494 2172 in
1529 2131 1787 2172 secundariis

329 2196 692 2239 enuntiationibus
740 2198 930 2239 omisisse
978 2198 1084 2239 satis
1131 2199 1311 2238 constet.
1386 2196 1547 2238 Deinde
1595 2197 1644 2238 de
1687 2197 1787 2239 locis

327 2263 578 2316 quibusdam
614 2264 881 2313 disseremus,
926 2265 970 2305 in
1007 2264 1162 2318 quibus
1202 2269 1277 2305 aut
1314 2278 1389 2318 pro
1424 2264 1551 2305 verbo
1586 2264 1789 2307 substan-

326 2330 413 2370 tivo
448 2331 769 2372 intransitivum
808 2331 981 2372 verbum
1017 2334 1082 2371 est
1120 2334 1196 2371 aut
1232 2330 1401 2388 dativus
1439 2330 1614 2372 effectus
1641 2331 1685 2372 in
1713 2345 1789 2386 ap-

327 2397 544 2450 positionis
579 2398 667 2440 loco
702 2398 865 2453 positus
903 2397 1082 2447 videtur,
1130 2397 1202 2451 qui
1240 2397 1410 2450 quidem
1448 2398 1525 2440 loci
1561 2413 1656 2441 cum
1692 2412 1788 2453 pro-

329 2464 451 2504 ximis
487 2465 702 2506 artissime
738 2464 964 2507 cohaerent.
1015 2463 1123 2505 Tun!
1163 2465 1192 2505 ii
1229 2465 1306 2505 loci
1343 2464 1550 2506 afferendi
1587 2468 1703 2514 sunt,
1741 2466 1785 2505 in

330 2529 481 2583 quibus
517 2535 581 2573 est
617 2532 790 2574 verbum
830 2532 1107 2574 transitivum
1144 2533 1246 2574 clare
1277 2533 1425 2574 ducere
1455 2532 1603 2574 habere
1632 2541 1787 2574 vertere

331 2596 426 2636 sim.
481 2597 696 2639 Postremo
731 2598 781 2639 de
818 2598 972 2640 dativis
1010 2598 1176 2640 auxilio
1200 2599 1407 2655 prce->idio
1439 2599 1628 2641 subsidio
1663 2613 1786 2652 sepa-

328 2663 459 2705 ratim
505 2663 701 2714 dicemus,
744 2680 837 2720 quae
871 2680 966 2707 cum
1002 2665 1142 2707 verbis
1180 2665 1307 2708 eundi
1344 2666 1541 2708 mittendi
1578 2667 1672 2707 sim.
1710 2679 1786 2706 sae-

328 2730 502 2784 pissime
544 2732 740 2787 coniungi
783 2733 1053 2774 notissimum
1095 2736 1175 2774 est.
1248 2731 1310 2772 De
1354 2732 1510 2773 dativis
1546 2734 1655 2774 dono
1696 2747 1789 2772 mu-
