2032 3286
399 256 451 295 42

340 369 426 413 An.
463 368 525 411 VI
564 369 607 420 8,
636 369 660 412 7
691 369 880 411 Videram
909 367 1144 421 colleqam
1170 366 1305 422 patris
1334 381 1446 421 reye
1458 368 1573 424 ndis
1598 371 1803 427 proetoriis

341 436 633 478 cohortibus
662 449 750 492 eqs.
821 434 905 476 An.
943 433 1049 475 XIII
1088 433 1163 482 38,
1206 433 1263 474 13
1300 433 1505 489 locumque
1519 436 1677 493 deleqit,
1691 439 1804 478 euius

336 520 439 560 pars
469 503 596 546 altera
626 504 783 545 colles
812 509 925 544 erant
953 501 1159 543 ele-menter
1188 502 1448 555 adsuryeutes
1488 504 1805 560 accipiendis

337 571 528 628 peditum
562 570 865 618 ordinibus,
900 583 1003 624 pars
1031 568 1075 609 in
1099 566 1311 624 planitiem
1338 568 1622 623 povri9e120tur
1650 571 1706 611 ad
1735 585 1802 611 α·-
1838 623 1840 625 v

339 637 559 695 plicando-3
591 639 768 693 equitum
812 644 978 677 turmas.
1037 637 1122 676 An.
1160 631 1267 676 XIII
1305 634 1382 685 53,
1423 634 1449 676 6
1488 636 1552 679 itte
1580 630 1806 680 inchoatum

348 737 386 749 ..
406 737 415 747 .
433 738 442 748 .
472 720 494 746 a
535 704 678 746 Druso
718 717 953 761 aqqerem
992 701 1268 743 coercendo
1308 700 1481 742 Rheno
1521 703 1688 746 absolvit
1716 717 1804 759 eqs.

345 772 430 814 An.
466 771 571 813 XIV
606 773 648 820 3,
690 770 746 812 19
786 770 1035 811 Additur-um
1068 770 1299 825 principem
1328 768 1525 824 defunctae
1553 771 1743 829 templum
1773 779 1807 813 et

347 846 511 882 cetera
539 837 849 880 ostentandae
882 837 1086 893 pietati.
1146 836 1229 877 An.
1267 833 1346 878 XV
1386 836 1428 887 6,
1471 837 1525 879 11
1569 838 1678 880 Nam
1709 870 1718 879 .
1737 869 1746 879 .
1768 869 1778 880 .
1796 869 1806 879 .

340 907 559 962 proprium
597 906 770 956 ducem
807 904 996 945 tuendoe
1026 904 1271 945 Armeniae
1295 912 1532 960 poposcerat
1561 919 1648 959 eq8.
1722 904 1804 947 An.

347 971 427 1015 XV
466 970 539 1024 14,
579 971 604 1013 8
649 971 750 1012 Tum
780 970 918 1013 Poetus
948 969 1158 1019 Lucullos,
1173 968 1389 1026 Pompeios
1418 977 1453 1012 et
1481 971 1519 1013 si
1546 987 1643 1029 qua
1671 971 1808 1014 Caesa-

347 1040 720 1097 restoptiuendoe
749 1039 1054 1081 donandaeve
1083 1032 1390 1095 Armenioe¹)
1427 1048 1590 1095 eqeram
1636 1072 1646 1082 .
1668 1072 1677 1082 .
1697 1055 1808 1082 nne·

349 1114 492 1149 morat.
551 1105 635 1149 An.
674 1104 754 1149 XV
792 1105 869 1156 42,
912 1105 969 1146 10
1009 1104 1163 1160 Neque
1190 1106 1295 1147 enim
1343 1105 1483 1152 aliud
1526 1108 1710 1151 umidum
1735 1108 1810 1164 yi-

343 1173 563 1230 9nendis
593 1174 740 1229 aquis
769 1173 943 1214 occurrit
973 1187 1095 1227 quam
1125 1171 1356 1227 Pomptinoe
1383 1173 1566 1228 paludes.
1623 1173 1707 1217 An.
1729 1172 1810 1216 XV

349 1240 425 1292 43,
467 1239 525 1281 15
563 1247 598 1282 et
633 1239 861 1281 subsidia
903 1238 1249 1294 reprimendis
1293 1239 1494 1296 iynibus
1525 1242 1567 1282 in
1591 1240 1812 1297 propatulo

279 1336 281 1338 -
347 1309 512 1364 quisque
540 1307 712 1354 liaberet,
769 1305 839 1348 An
876 1304 978 1348 XVI
1019 1305 1093 1356 17,
1138 1305 1193 1347 10
1230 1306 1351 1348 simzd
1387 1307 1650 1364 adquirendis
1683 1323 1812 1365 pesu-

348 1375 430 1434 uias⁴
454 1374 613 1416 brevius
642 1375 717 1416 iter
735 1373 918 1416 credebat
927 1388 1005 1430 per
1020 1374 1410 1428 procurationes
1439 1375 1812 1417 administran-

349 1442 429 1484 dis
453 1442 657 1499 principis
686 1443 914 1496 neyotiis.
972 1439 1058 1482 Au.
1079 1438 1181 1482 XVI
1203 1439 1279 1491 31,
1319 1442 1349 1482 3
1376 1472 1386 1483 .
1406 1475 1417 1485 .
1440 1473 1449 1482 .
1472 1472 1482 1482 .
1504 1442 1648 1484 monile
1670 1458 1811 1486 venum

348 1510 534 1559 dedisset,
562 1523 639 1566 quo
666 1510 937 1566 pecuniam.
957 1508 1227 1567 faciendis
1256 1509 1423 1564 mayicis
1451 1510 1622 1552 sacris
1650 1517 1813 1551 contru-

348 1576 455 1618 lceret
483 1590 571 1631 eqs.

451 1677 638 1720 Interest
674 1677 855 1720 fortasse
894 1676 1052 1720 afferre
1088 1690 1139 1718 ex
1176 1676 1242 1719 his
1278 1677 1393 1728 locis,
1415 1690 1593 1732 quorum
1612 1691 1815 1720 numerus

350 1747 416 1786 est
451 1745 638 1800 quinque
675 1748 718 1787 et
753 1745 925 1800 viginti,
962 1747 1057 1786 octo
1092 1757 1182 1785 esse
1217 1742 1520 1795 Historiarum,
1551 1747 1644 1786 octo
1662 1745 1813 1800 prioris

351 1811 487 1866 partis
524 1810 774 1862 Annalium,
813 1825 964 1853 novem
1000 1810 1254 1866 posterioris.

454 1911 576 1954 Addo
614 1912 840 1955 nonnullos
877 1912 1000 1963 locos,
1038 1912 1088 1954 de
1124 1911 1276 1967 quibus
1296 1912 1498 1955 incertius
1515 1916 1581 1956 est
1598 1900 1815 1956 iudicium.

351 1978 407 2022 H.
448 1978 491 2020 II
529 1981 572 2029 2,
614 1980 639 2020 4
676 1981 746 2022 sed
771 1981 963 2036 yerendis
991 1980 1119 2034 rebus⁴
1140 1979 1293 2021 nullum
1323 1995 1372 2022 ex
1402 1995 1445 2022 eo
1473 1981 1816 2038 impedimentum,

352 2047 424 2090 ubi
459 2045 628 2091 dativus
677 2046 861 2090 nominis
904 2046 1212 2104 gerundivique
1247 2060 1342 2090 cum
1378 2061 1438 2099 eo,
1477 2048 1587 2104 quod
1623 2050 1689 2090 est
1724 2045 1817 2092 'im-

351 2114 638 2175 pedimentum
686 2112 792 2158 erat'
836 2115 1158 2172 coniungendas
1197 2115 1378 2158 videtur.
1448 2114 1711 2158 conferimus
1748 2130 1817 2157 eos

352 2183 476 2235 locos,
515 2183 587 2226 ubi
623 2186 687 2226 est
721 2177 898 2226 verbum
934 2185 1077 2227 deesse.
1146 2182 1202 2225 H.
1239 2182 1283 2225 II
1323 2183 1431 2235 100,
1463 2184 1521 2226 13
1541 2183 1673 2227 habet
1690 2182 1818 2226 codex

352 2266 444 2293 mox
474 2251 625 2293 Patavi
654 2258 846 2295 sec-retum
876 2252 1155 2308 componendae
1171 2252 1414 2308 proditionis
1429 2252 1653 2308 quoesitum.
1689 2249 1819 2293 Halm

351 2317 500 2361 scribit
530 2320 769 2375 proditioni.
841 2318 937 2370 Sed,
976 2332 1238 2373 quamquam
1274 2317 1443 2360 dativus
1462 2317 1531 2361 hic
1549 2332 1817 2374 nequaquam

352 2385 407 2428 ab
442 2397 523 2427 usu
556 2385 729 2429 Taciteo
766 2386 980 2438 abhorret,
1020 2385 1151 2427 etiam
1187 2385 1403 2441 genitivus
1422 2400 1544 2429 casus
1563 2385 1677 2430 haud
1694 2384 1818 2428 dubie

350 2452 451 2495 ferri
488 2454 642 2509 potest,
679 2452 733 2496 cf.
773 2451 950 2496 Heraeus
988 2452 1039 2496 ad
1075 2451 1118 2494 h.
1155 2452 1186 2495 l.
1248 2452 1300 2494 In
1336 2452 1424 2494 loco
1459 2451 1515 2495 H.
1554 2452 1619 2497 III
1657 2453 1733 2504 49,
1759 2451 1813 2495 11

352 2520 449 2573 Quoe
487 2520 705 2575 (militaris
741 2521 969 2577 violentia)
1009 2521 1197 2563 seditiosa
1213 2528 1249 2563 et
1264 2522 1570 2577 eorrumpendoe
1593 2519 1820 2577 disciplinae

352 2603 445 2631 moa:
473 2589 515 2631 in
540 2589 730 2646 proedam
760 2589 934 2632 vertebat
969 2591 1114 2631 utrum
1148 2587 1364 2644 genitivus
1400 2602 1523 2631 casus
1558 2603 1613 2630 an
1647 2586 1818 2630 dativus

351 2656 489 2697 inesse
523 2656 741 2711 putandus
776 2657 849 2709 sit,
887 2671 972 2700 non
1009 2656 1136 2699 facile
1170 2655 1439 2699 diiudicatur.

428 2810 458 2851 ¹)
486 2812 656 2846 Fortasse
679 2814 736 2847 hae
760 2823 871 2848 voces
898 2814 936 2847 in
961 2813 1117 2856 genitivi
1141 2823 1227 2847 casu
1251 2813 1375 2855 posita
1397 2813 1570 2855 putmdae
1594 2814 1689 2845 sunt.
