2032 3286
458 255 506 290 18

399 369 475 419 79,
518 369 577 409 14
622 370 721 410 usui
749 383 806 411 sc.
843 370 910 420 iis,
949 369 1036 412 sive
1071 369 1121 412 de
1158 367 1348 422 quolibet
1383 370 1448 410 est
1482 368 1655 420 dictum,
1693 372 1743 411 ut
1778 371 1860 412 mi-

396 436 543 478 maculo
581 435 666 478 An.
706 435 769 479 IV
806 437 883 488 66,
925 437 967 487 8,
1005 436 1086 479 XV
1122 436 1199 486 42,
1240 435 1266 476 2
1304 436 1433 478 eaeitio
1467 435 1552 478 An.
1590 435 1655 478 III
1693 437 1770 489 28,
1811 439 1854 496 6,

496 503 728 559 Cognitum
763 507 829 545 est
864 519 1036 559 perraro
1078 518 1172 546 cum
1209 502 1287 544 hoc
1321 502 1465 544 dativo
1499 504 1700 559 coniungi
1735 505 1860 560 geni-

393 570 532 611 tivum
581 584 634 612 ex
681 570 826 612 dativo
872 570 945 611 illo
991 570 1244 625 pendentem
1288 568 1355 609 vel
1389 570 1727 623 praepositionem
1762 584 1855 612 cum

395 639 568 679 nomine
612 638 880 691 insequente:
925 638 969 679 in
1011 637 1106 679 istis
1149 636 1249 678 locis
1291 635 1475 678 Taciteis
1518 651 1654 692 neque
1688 638 1858 693 geneti-

394 718 496 745 vum
531 717 712 757 usquam
746 703 890 745 dativo
926 703 1200 745 subiunctum
1236 716 1372 757 neque
1406 703 1745 757 praepositionem
1780 704 1857 747 ad—

394 770 530 812 ditam
565 770 818 811 invenimus.

496 836 588 878 Iam
635 835 795 890 pridem
843 835 915 877 alii
959 835 1357 878 animadverterunt
1390 849 1462 878 eas
1498 849 1631 888 voces,
1679 851 1772 892 quae
1807 838 1852 880 in

334 904 337 907 ’
395 904 474 945 hoc
522 903 654 945 dativi
703 918 783 944 usu
824 902 1110 956 reperiuntur,
1158 917 1304 944 omnes
1351 903 1415 943 vel
1460 917 1604 945 omnes
1641 904 1728 945 fere
1764 919 1856 946 esse

394 969 568 1011 nomina
614 968 847 1019 abstracta,
892 983 985 1024 quae
1028 971 1248 1011 vocantur.
1325 967 1536 1025 Namque,
1587 973 1636 1012 ut
1678 970 1852 1013 verbum

393 1036 590 1085 afferam,
638 1050 717 1077 vox
763 1038 883 1078 cordi
911 1037 1128 1089 propriam
1165 1037 1250 1077 vim
1285 1037 1329 1077 in
1367 1036 1445 1077 hoc
1479 1051 1559 1077 usu
1595 1038 1849 1091 repudiavit.

389 1101 453 1144 De
489 1102 659 1144 vocibus
695 1103 863 1144 vestitui
891 1103 1022 1144 victui
1043 1103 1184 1159 potui,
1219 1115 1312 1157 quae
1346 1101 1515 1157 quidem
1551 1102 1607 1145 ab
1643 1102 1722 1146 hac
1757 1100 1853 1160 lege

387 1169 580 1210 recedere
616 1169 828 1219 videntur,
867 1183 1003 1222 pauca
1038 1169 1154 1210 infra
1189 1169 1389 1210 dicemus.

488 1234 598 1276 Tum
635 1236 808 1277 constat
841 1249 986 1277 omnes
1023 1234 1101 1277 has
1137 1247 1257 1276 voces
1293 1249 1383 1277 esse
1418 1235 1649 1292 singularis
1668 1236 1848 1285 numeri,

386 1317 472 1356 qua
509 1303 555 1343 in
592 1316 637 1342 re
671 1302 847 1343 Tacitus
884 1304 1069 1343 veterem
1103 1316 1227 1342 usum
1263 1303 1464 1344 servavit.
1535 1302 1645 1345 Sunt
1679 1303 1847 1357 quidem

386 1369 431 1411 in
469 1368 554 1410 fine
591 1369 804 1419 mutilato,
842 1371 891 1410 ut
929 1368 1056 1424 vulgo
1092 1370 1285 1423 putatur,
1323 1368 1420 1410 libri
1456 1369 1665 1411 undecimi
1695 1369 1849 1412 Anna-

387 1436 492 1476 lium
529 1449 650 1476 voces
687 1436 856 1478 honesta
874 1429 1066 1490 quidem,
1105 1437 1178 1476 sed
1215 1450 1265 1477 ex
1295 1437 1388 1490 quis
1417 1437 1642 1478 deterrima
1680 1451 1848 1478 oreren-

388 1509 456 1542 tur
486 1501 700 1557 [tristitiis
736 1501 904 1558 multis]
950 1506 1034 1543 An.
1074 1500 1136 1542 XI
1173 1501 1249 1550 38,
1292 1501 1366 1551 13,
1404 1501 1476 1543 sed
1521 1516 1572 1544 ex
1607 1501 1673 1543 his
1722 1502 1844 1544 valde

385 1568 575 1609 obscuris
620 1568 757 1608 verbis
802 1568 961 1621 aliquid
1006 1570 1155 1608 contra
1199 1581 1324 1608 usum
1367 1569 1554 1609 omnium
1592 1569 1845 1623 scriptorum

385 1634 618 1679 latinorum
656 1634 872 1689 ipsiusque
907 1633 1046 1676 Taciti
1083 1626 1250 1676 dicendi
1266 1648 1402 1690 genus
1427 1636 1618 1677 statuere
1643 1634 1846 1678 audacius

384 1716 487 1742 sane
523 1704 646 1742 esset.

487 1766 663 1808 Minoris
714 1767 915 1808 momenti
959 1769 1025 1808 est
1069 1781 1205 1821 neque
1250 1769 1396 1809 tamen
1441 1768 1610 1810 silentio
1643 1770 1841 1823 praetere-

384 1834 561 1884 undum,
605 1834 716 1888 quod
764 1834 980 1875 nonnullis
1023 1833 1123 1876 locis
1165 1848 1241 1888 pro
1283 1834 1482 1884 subiecto,
1524 1834 1636 1890 quod
1670 1835 1838 1886 dicitur,

383 1903 478 1942 tum
497 1902 562 1941 est
581 1900 847 1942 accusativus
866 1914 962 1942 cum
980 1899 1192 1942 infinitivo
1212 1901 1473 1951 coniunctus,
1511 1900 1595 1943 An.
1624 1900 1686 1943 IV
1711 1902 1788 1953 66,
1813 1902 1838 1944 8

383 1967 586 2009 miraculo
634 1975 737 2016 erat,
779 1969 869 2008 tum
906 1967 1147 2009 enuntiatio
1181 1968 1446 2018 secundaria,
1483 1982 1576 2023 quae
1625 1968 1840 2011 inducitur

379 2034 675 2075 coniunctione
712 2034 786 2074 illa
823 2035 946 2089 quod,
982 2040 1064 2074 An.
1105 2033 1209 2075 XIV
1248 2035 1324 2081 55,
1365 2034 1422 2075 16
1460 2035 1566 2076 mihi
1594 2036 1739 2076 rubori
1769 2043 1840 2085 est,

376 2101 500 2158 quod.

481 2168 696 2209 Postremo
731 2168 851 2209 nobis
887 2168 1109 2209 dicendum
1147 2171 1213 2209 est
1247 2168 1297 2209 de
1321 2168 1492 2209 vocibus
1516 2170 1681 2210 vestitui
1708 2171 1838 2210 victui

373 2236 510 2291 potui.
569 2234 657 2276 Hos
694 2234 860 2276 dativos
897 2248 991 2276 cum
1030 2235 1097 2284 iis,
1125 2234 1198 2288 qui
1234 2234 1461 2276 manifeste
1485 2234 1685 2276 effectum
1701 2249 1835 2290 quen-

377 2301 475 2342 dam
514 2301 822 2350 demonstrant,
867 2315 961 2342 eam
1000 2301 1054 2342 ob
1089 2314 1264 2342 causam
1301 2300 1556 2355 coniungere
1591 2315 1675 2343 non
1712 2302 1834 2343 dubi-

377 2367 577 2417 tavimus,
614 2367 724 2422 quod
761 2367 907 2408 eodem
942 2366 1063 2408 modo
1100 2369 1227 2421 atque
1262 2367 1322 2408 illi
1361 2380 1457 2408 cum
1481 2366 1607 2409 verbo
1632 2367 1834 2410 substan-

376 2434 463 2475 tivo
513 2437 838 2476 connectuntur.
910 2433 1069 2475 Contra
1117 2447 1166 2475 ea
1216 2447 1299 2475 non
1348 2433 1502 2475 dicitur
1548 2432 1666 2476 'dono
1712 2432 1829 2484 esse',

377 2498 552 2544 'muneri
597 2499 714 2552 esse',
765 2500 919 2542 nedum
964 2499 1185 2542 'domicilio
1218 2499 1321 2543 esse'
1362 2526 1416 2532 —-
1455 2502 1546 2544 doti
1574 2517 1658 2544 esse
1690 2504 1831 2558 poste-

377 2568 497 2609 rioris
542 2569 708 2610 videtur
743 2582 832 2609 esse
865 2568 1019 2609 aetatis.
1093 2566 1156 2609 Ea
1191 2570 1335 2610 autem
1371 2568 1538 2610 ratione
1571 2569 1721 2610 ceteris
1757 2581 1829 2610 vo-

377 2633 495 2676 cibus
541 2639 642 2678 sunt
677 2635 916 2684 dissimiles,
954 2634 1064 2690 quod
1107 2634 1171 2676 hae
1212 2649 1331 2677 voces
1373 2649 1457 2677 non
1494 2635 1714 2678 abstracta
1751 2648 1828 2677 no-

373 2701 494 2742 mina
559 2702 756 2744 videntur
813 2716 921 2751 esse,
986 2702 1057 2743 sed
1118 2704 1328 2743 concreta.
1423 2701 1483 2743 At
1543 2701 1725 2744 fortasse
1783 2701 1826 2742 in

369 2769 453 2811 hoc
504 2781 584 2809 usu
625 2770 806 2821 quodam
849 2769 973 2811 modo
1013 2768 1195 2811 medium
1238 2768 1353 2810 inter
1397 2771 1626 2823 utrumque
1660 2770 1823 2810 tenent.
