2032 3286
373 200 416 232 lo·

308 313 495 352 tissimus
533 312 706 367 quisque
742 325 954 353 servorum
984 311 1109 351 otiam
1139 312 1418 351 conservis
1448 311 1652 369 ludibio
1682 321 1766 362 est,

306 380 368 419 sie
397 392 483 432 eqs.
558 377 613 418 H.
654 378 695 419 ΙΙ
733 379 809 426 49,
853 378 909 418 15
948 378 1211 418 ambitiosius
1255 378 1302 417 id
1337 378 1539 433 precibus
1570 380 1766 434 petierat,

310 461 358 487 ne
389 453 681 501 amputaretur
710 454 837 502 eaput
866 445 1106 487 ludibrio
1133 445 1331 501 futuru
1348 461 1402 495 m,
1435 444 1490 486 H.
1529 444 1593 487 III
1623 446 1698 496 81,
1738 447 1766 487 4

310 513 366 554 Id
389 511 665 569 plerisque
695 512 947 561 ludibrio,
971 511 1172 567 pluribus
1202 511 1337 553 taedio.

411 579 638 620 Der-isui
668 580 835 621 alieni
864 594 985 625 esse,
1009 579 1169 619 habent
1203 578 1402 620 Phaedrus
1429 582 1471 620 et
1498 578 1666 633 quidem
1685 578 1768 621 Ta-

310 647 420 687 citus
457 647 562 701 Agr.
602 647 678 695 39,
718 646 745 686 4
782 647 929 687 Inerat
958 646 1210 686 conscientia
1240 646 1644 703 derisnifuisse
1688 661 1768 687 nu-

307 729 387 769 per
407 713 574 770 falsum
604 729 624 753 e
656 712 887 755 Germania
916 712 1189 767 triumphum,
1219 727 1304 766 esq.

414 781 615 822 Irriseci
661 780 832 821 alieni
877 794 986 820 esse
1040 784 1105 820 est
1169 779 1279 833 apud
1331 780 1533 821 Uaesarem
1585 779 1770 821 Plinium

311 847 520 888 Tacitum.
553 845 608 886 H.
639 846 657 886 I
699 847 739 894 7,
784 846 838 887 17
878 847 985 901 Ipsa
1015 853 1114 886 aetas
1154 845 1299 888 Galbae
1330 848 1533 888 inrisui
1563 862 1611 888 ae
1632 847 1769 905 fasti-

309 915 382 954 dio
413 921 522 953 erat
552 914 787 954 adsuetis
818 914 992 953 iuventoe
1015 912 1200 953 Neronis
1218 921 1289 953 et.
1309 944 1317 952 .
1339 945 1347 954 .
1366 944 1375 954 .
1409 915 1770 970 comparanti-

312 981 412 1020 bus.
475 980 556 1019 An.
595 977 697 1020 XIV
725 981 801 1026 39,
833 980 858 1020 8
897 980 982 1021 Sed
1011 979 1241 1020 hostibus
1271 981 1469 1021 inrisui
1490 981 1619 1037 fuit,
1652 981 1769 1036 apud

309 1061 424 1102 quos,
455 1060 540 1099 eqS.

404 1113 728 1154 Deridiculo
767 1113 932 1153 alicui
962 1127 1069 1153 esse
1104 1115 1170 1152 est
1206 1113 1316 1166 apud
1343 1112 1556 1162 Plautum,
1596 1112 1684 1153 Mil.
1708 1113 1767 1154 92

310 1179 374 1220 ed.
413 1178 594 1221 Ritsehl.
632 1178 807 1221 Tacitus
834 1179 938 1220 'dicit
973 1178 1057 1220 An.
1096 1177 1162 1219 III
1200 1179 1276 1229 57,
1316 1181 1342 1221 9
1388 1182 1446 1221 At
1487 1179 1535 1233 Q.
1568 1180 1773 1221 Haterius

309 1262 404 1288 cum
425 1279 434 1287 .
460 1279 468 1286 .
494 1279 502 1287 .
526 1279 535 1287 .
570 1248 804 1295 censuisset,
835 1245 1131 1287 deridiculo
1153 1246 1270 1303 fuit
1300 1262 1421 1288 senex
1449 1260 1536 1302 eqs.

411 1314 658 1355 Fastidio
699 1313 868 1354 alicui
898 1328 1017 1354 esse.
1066 1311 1156 1352 Hoc
1191 1312 1303 1354 dicto
1339 1313 1403 1354 usi
1439 1316 1540 1354 suut
1576 1312 1771 1354 Valerius

312 1378 427 1420 MaX.
465 1379 623 1421 Seneca
662 1379 787 1421 Rhet.
826 1379 913 1420 alii.
971 1379 1094 1433 Apud
1131 1377 1328 1420 Tacitum
1363 1383 1428 1421 est
1453 1394 1540 1421 uua
1567 1393 1660 1420 cum
1696 1379 1769 1420 in-

311 1447 445 1486 risui
495 1459 729 1487 connexum
782 1449 833 1487 H.
875 1445 893 1486 Ι
935 1447 1083 1493 7,17
1133 1447 1238 1501 Ipsa
1282 1454 1380 1487 oetas
1428 1445 1571 1488 Galboe
1615 1447 1770 1487 inrisui

311 1528 361 1553 ae
381 1513 626 1571 fastidio
657 1529 710 1554 er
723 1521 773 1554 at
804 1513 1044 1553 adsuetis
1074 1526 1163 1567 eqs.

421 1581 589 1622 Tadio
635 1581 765 1621 alim
757 1582 807 1621 ti
850 1596 970 1621 esse.
1019 1579 1097 1620 Est
1139 1581 1248 1632 apud
1299 1580 1498 1622 Senecam
1535 1580 1661 1622 Rhet.
1734 1580 1771 1621 A

315 1647 463 1688 'lacito
502 1662 533 1686 v
541 1649 588 1688 ›ci
636 1647 862 1688 ludib1io
898 1647 1174 1701 subiungitur
1210 1646 1264 1688 Η
1304 1646 1368 1688 ΙΙΙ
1407 1648 1482 1697 81,
1524 1648 1548 1688 5
1596 1648 1652 1688 Id
1679 1647 1772 1703 ple-

236 1724 242 1729 ·
311 1716 452 1770 risque
482 1714 679 1763 ludibrio,
703 1715 958 1770 pluribus
989 1716 1151 1755 taedio.

414 1782 640 1822 Invidia?
678 1782 844 1822 alicui
881 1780 1178 1822 esse-habent
1213 1781 1354 1822 Cicero
1392 1781 1533 1822 Livius
1559 1781 1646 1823 alii.
1696 1780 1774 1822 Est

312 1846 367 1888 H.
408 1846 449 1887 ΙΙ
488 1848 564 1896 95,
607 1848 632 1888 4
671 1848 838 1889 Loetum
868 1848 1121 1905 foedissimo
1161 1849 1308 1903 cuique
1338 1849 1454 1904 apud
1484 1848 1610 1889 bonos
1639 1849 1772 1888 invi-

311 1916 410 1955 dia>
431 1914 560 1971 fuit,
592 1917 704 1970 quod
734 1930 820 1969 eqs.

416 1981 544 2023 Odio
584 1982 751 2023 alicui
789 1996 896 2022 esse
941 1997 965 2022 a
1013 1981 1165 2022 Plauto
1201 1985 1243 2022 et
1278 1980 1474 2022 Cicerone
1511 1981 1623 2023 haud
1663 1995 1770 2031 raro,

311 2048 366 2089 ab
419 2048 513 2089 aliis
567 2049 842 2103 scriptoribus
895 2062 1214 2102 nonnumquam
1253 2052 1497 2102 usurpatur.
1574 2049 1772 2103 Legimus

311 2114 394 2156 An.
433 2113 513 2156 XV
551 2116 626 2164 21,
671 2116 727 2157 10
770 2115 971 2168 Quaedam
1011 2116 1138 2157 immo
1183 2116 1354 2156 virtutes
1392 2116 1518 2156 odio
1550 2123 1678 2165 sunt,
1709 2130 1773 2157 se-

312 2184 464 2224 veritas
494 2183 715 2233 obstinata,
746 2184 926 2224 invictus
957 2183 1179 2224 adversum
1206 2183 1394 2238 qratiam
1426 2184 1606 2225 animus.

331 2264 339 2271 ·
411 2249 583 2290 Tacitus
623 2251 782 2304 primus
819 2250 985 2290 videtur
1019 2250 1177 2290 dixisse

410 2317 697 2374 Despectui
726 2317 899 2359 alicui
928 2332 1048 2366 esse,
1079 2316 1189 2371 quod
1225 2319 1292 2357 est
1328 2314 1382 2357 Η
1416 2315 1474 2358 IV
1506 2278 1581 2366 5,7
1604 2318 1670 2360 7.

311 2385 534 2426 obtestante
592 2385 748 2427 Vocula
791 2399 872 2425 non
910 2385 1014 2425 adeo
1046 2384 1258 2424 turbatam
1298 2384 1491 2425 civilibus
1528 2386 1658 2426 armis
1687 2399 1774 2426 rem

313 2453 564 2502 Romanam,
591 2461 636 2494 ut
665 2453 911 2494 Treveris
935 2452 1063 2492 etiam
1086 2450 1530 2507 Linyonibusque
1560 2453 1772 2508 despec-

314 2520 391 2559 tui
421 2520 501 2559 sit.

415 2585 513 2634 Quae
554 2585 667 2639 apud
712 2586 817 2627 alios
853 2584 1078 2637 scriptores
1115 2584 1351 2626 invenimus
1391 2585 1517 2627 verba
1555 2585 1633 2635 his,
1680 2598 1773 2639 quae

314 2664 443 2704 supra
463 2652 603 2700 attuli,
625 2651 996 2707 significationum
1018 2650 1166 2692 habita
1186 2652 1351 2692 ratione
1370 2652 1620 2698 consimilia,
1641 2665 1772 2705 quum

312 2717 402 2761 alia
437 2721 537 2760 sunt
571 2723 663 2762 tum
699 2719 814 2762 haec:
854 2717 956 2761 'esse
982 2718 1109 2761 alicui
1127 2719 1403 2773 contemptui,
1426 2718 1545 2771 risui,
1568 2715 1768 2762 ridiculo'.
