2032 3286
347 863 584 907 Cornelium
620 864 816 908 Tacitum
852 879 984 920 quum
1026 866 1069 907 in
1107 865 1201 907 aliis
1237 866 1531 921 grammaticis
1569 865 1703 907 ratio-

249 931 372 973 nibus
408 933 628 986 permultis
665 933 720 974 ab
756 947 834 974 usu
869 934 1126 987 optimorum
1150 932 1414 986 scriptorum
1449 933 1513 973 vel
1538 946 1699 982 eorum,

247 999 319 1053 qui
367 1012 517 1049 aureae,
558 1013 687 1054 quam
729 1003 895 1050 vocant,
937 1002 1040 1041 sunt
1074 999 1229 1048 aetatis,
1274 998 1478 1049 recedere,
1516 1002 1623 1049 tum,
1663 999 1701 1041 si

247 1067 486 1121 quaerimus,
534 1081 665 1121 quam
700 1067 744 1107 iu
778 1082 858 1107 usu
894 1067 1029 1108 dativi
1063 1067 1219 1116 finalis,
1264 1068 1339 1120 qui
1373 1066 1540 1117 dicitur,
1587 1068 1700 1109 viam

248 1147 296 1174 ac
339 1134 546 1175 rationem
589 1137 758 1174 secutus
793 1134 863 1183 sit,
909 1133 1024 1175 ultra
1061 1148 1184 1174 usum
1221 1133 1407 1187 priorum
1443 1134 1699 1187 scriptorum

248 1214 516 1255 progressum
560 1214 639 1242 sua
679 1204 724 1242 et
764 1201 933 1255 propria
976 1201 1214 1254 protulisse,
1251 1200 1295 1250 ii,
1340 1200 1413 1254 qui
1449 1201 1494 1241 in
1530 1201 1699 1255 scriptis

247 1267 336 1308 eius
372 1266 703 1320 interpretandis
739 1267 804 1308 vel
839 1268 883 1307 in
918 1270 1011 1308 arte
1046 1266 1329 1320 grammatica
1363 1266 1509 1307 latinae
1545 1267 1702 1322 linguae

249 1333 552 1388 pertractanda
585 1333 743 1375 versati
777 1335 895 1382 sunt,
933 1333 1019 1375 iam
1057 1333 1168 1375 haud
1204 1346 1301 1374 raro
1323 1330 1698 1390 contenderunt¹).

251 1398 397 1453 Neque
433 1405 594 1450 tamen,
633 1400 744 1453 quod
779 1400 923 1446 sciam,
960 1403 1186 1454 quisquam
1222 1399 1426 1440 orationis
1462 1414 1596 1454 genus
1613 1400 1699 1442 Ta-

247 1467 401 1508 citeum
439 1466 519 1508 hac
561 1480 614 1507 ex
650 1469 772 1520 parte
808 1466 1014 1520 copiosius
1051 1466 1371 1520 accuratiusque
1409 1470 1701 1520 perscrutatus

248 1536 325 1575 est.
396 1533 531 1588 Atqui
571 1533 650 1576 hac
683 1525 823 1584 aetate,
845 1548 999 1589 -quum
1043 1534 1086 1575 in
1123 1532 1284 1575 dicendi
1321 1547 1474 1587 genere
1509 1534 1702 1589 singulo-

248 1615 341 1642 rum
378 1601 632 1657 scriptorum
667 1604 711 1642 et
744 1614 976 1658 graecorum
1011 1604 1053 1643 et
1090 1600 1320 1642 latinorum
1345 1601 1475 1642 etiam
1513 1602 1700 1644 minimis

248 1683 299 1710 ex
343 1669 535 1723 partibus
581 1669 883 1723 perscrutando
924 1672 967 1710 et
1010 1668 1293 1728 examinando
1325 1668 1445 1725 ‘docti
1487 1670 1568 1710 viri
1604 1670 1701 1711 dili-

249 1736 497 1790 gentissime
533 1739 759 1777 versantur
793 1750 1089 1790 summumque
1113 1738 1368 1776 consumunt
1399 1735 1599 1786 laborem,
1637 1750 1699 1786 ac,

249 1802 284 1842 si
332 1802 443 1843 hunc
485 1803 625 1856 ipsum
661 1803 906 1856 scriptorem
943 1802 1202 1856 respicimus,
1252 1801 1302 1842 de
1337 1801 1529 1855 plurimis
1565 1804 1702 1857 parti-

250 1869 328 1909 bus
356 1869 666 1924 capitibusque
721 1869 966 1911 elocutionis
1009 1869 1097 1910 eius
1140 1871 1205 1909 est
1254 1867 1540 1922 disputatum,
1588 1869 1700 1911 haud

250 1936 437 1977 alienum
472 1936 577 1977 mihi
613 1936 849 1986 videbatur,
880 1937 914 1978 si
951 1936 1051 1992 quid
1087 1950 1138 1977 ex
1174 1949 1254 1976 usu
1290 1935 1422 1977 dativi
1459 1950 1581 1978 casus
1615 1936 1701 1978 Ta-

251 2004 358 2044 citeo
403 2003 579 2047 aliorum
618 2003 884 2057 scriptorum,
930 2004 1003 2045 ubi
1041 2008 1188 2058 aptum
1229 2002 1460 2052 videbatur,
1498 2004 1701 2045 instituta

251 2070 578 2124 comparatione,
618 2070 661 2111 in
700 2070 880 2111 medium
915 2070 1158 2125 proferrem.
1206 2071 1270 2110 Ac
1305 2083 1407 2110 sane
1441 2083 1576 2123 operae
1607 2084 1701 2124 pre-

250 2137 359 2178 tium
394 2137 631 2190 putandum
667 2140 733 2177 est
766 2150 1027 2191 cognoscere,
1065 2150 1158 2190 quae
1194 2135 1262 2176 hic
1297 2135 1490 2188 scriptor,
1530 2152 1554 2178 a
1583 2137 1701 2178 cuius

251 2203 459 2245 scribendi
508 2217 663 2258 genere
704 2204 840 2244 onmis
884 2204 1102 2245 temeritas
1144 2202 1347 2243 orationis
1393 2202 1588 2245 videatur
1625 2203 1702 2245 ab·

254 2266 433 2316 horrere,
487 2270 531 2311 in
582 2285 632 2312 ea
684 2270 967 2323 grammatica
1011 2270 1189 2316 ratione,
1244 2269 1286 2309 in
1330 2282 1415 2322 qua
1452 2284 1476 2310 a
1513 2271 1702 2323 priorum

253 2337 504 2391 scriptorum
548 2337 712 2380 dicendi
758 2336 1058 2379 consuetudine
1094 2350 1190 2378 eum
1229 2335 1370 2389 procul
1407 2335 1555 2378 abesse
1590 2337 1705 2379 inter

252 2418 397 2445 omues
440 2407 623 2454 constat,
667 2407 744 2445 aut
779 2404 831 2445 ad
866 2403 1187 2445 similitudinem
1222 2402 1398 2443 aliorum
1434 2402 1592 2445 dixerit
1628 2408 1706 2446 aut

322 2524 352 2564 ι)
376 2525 448 2556 Hic
471 2525 563 2556 satis
599 2525 672 2556 erit
707 2525 876 2558 attulisse
912 2536 967 2565 ea,
1003 2536 1083 2567 quae
1108 2525 1201 2556 dicit
1225 2525 1436 2564 Draeger,
1472 2525 1705 2559 Historische

254 2581 392 2622 Syntax
427 2580 493 2612 der
527 2579 789 2612 Lateiniechen
813 2581 974 2622 Sprache
998 2582 1015 2614 1
1050 2579 1223 2622 [Zweiter
1251 2579 1372 2611 Theil:
1409 2579 1541 2612 Zweite
1566 2580 1707 2622 Emito,

254 2636 404 2678 Leipzig
428 2633 531 2676 1874]
567 2645 602 2676 p.
633 2636 709 2667 406.
756 2636 808 2667 De
834 2637 959 2669 dativo
984 2636 1097 2675 finali,
1133 2636 1197 2676 qui
1222 2638 1383 2674 vocatur,
1420 2635 1605 2669 disserens
1629 2637 1709 2671 haec

255 2692 369 2724 habet
390 2691 520 2725 verba:
551 2691 616 2722 «In
640 2690 769 2722 diesen
791 2690 950 2723 freieren
974 2691 1256 2730 Anwendungen
1281 2691 1345 2722 des
1372 2690 1500 2722 Dativs
1524 2692 1614 2732 geht
1635 2694 1709 2726 Ta·

256 2746 374 2779 citus
398 2756 469 2780 von
493 2747 590 2780 allen
613 2746 904 2780 Schriftstellern
927 2755 985 2778 am
1009 2746 1233 2778 weitesten».

1556 2807 1570 2836 1
