2032 3286
417 261 467 294 20

358 372 592 412 ceciderunt
633 371 897 413 oblectationi
938 369 1195 426 (oculorum)
1233 369 1341 410 idem
1379 368 1546 410 videtur
1581 383 1672 410 esse
1707 369 1818 424 quod

359 435 567 479 'cadentes
602 437 877 480 oblectationi
914 433 1112 478 fuerunt'.
1185 435 1367 477 Dativus
1393 435 1658 478 oblectationi
1675 436 1720 477 in
1741 436 1817 478 hoc

357 518 437 545 usu
474 503 580 545 alias
616 505 797 547 inveniri
833 517 919 545 non
954 503 1133 544 videtur.

458 569 544 613 An.
582 571 644 613 IV
684 572 724 622 1,
768 570 824 611 14
845 571 963 613 cuius
981 569 1062 626 (rei
1082 569 1299 626 Romanae)
1317 570 1424 625 pari
1453 571 1621 611 exitio
1651 571 1819 625 viyuit

360 639 672 695 ceciditque,
713 652 805 693 quae
839 637 965 679 verba
1004 636 1184 678 fortasse
1221 636 1329 678 idem
1365 637 1467 677 sunt
1503 638 1632 691 atque
1668 632 1723 678 ’et
1756 637 1819 679 vi-

360 719 475 764 gens
503 706 662 762 (vivus)
698 707 741 746 et
775 704 927 746 cadens
964 702 1191 761 (mortuus)
1229 703 1357 745 exitio
1392 700 1511 744 erat'.
1566 702 1645 745 Sed
1673 703 1723 745 de
1741 702 1819 745 hoc

362 772 450 813 loco
485 772 763 813 dubitandum
800 773 878 811 est.
951 769 1093 811 Minus
1128 773 1274 811 tamen
1310 769 1524 825 genitivus
1544 771 1663 812 cuius
1680 769 1819 812 offen-

360 838 429 880 dit'
465 853 592 893 quam
638 838 891 879 adiectivum
918 838 1036 893 pari.
1107 836 1209 878 Otto
1247 836 1302 878 ad
1337 836 1380 878 h.
1419 836 1446 877 l.
1488 836 1589 878 dicit
1624 836 1821 879 Tacitum

361 907 579 960 poetarum
628 918 741 945 more
795 903 861 944 hic
897 904 1089 945 dativum
1139 904 1266 945 exitio
1310 917 1385 957 pro
1430 917 1490 953 eo,
1529 904 1640 957 quod
1674 907 1741 945 est
1776 906 1821 946 in

360 973 533 1014 exitium
570 972 634 1013 vel
655 973 711 1013 ad
740 972 927 1019 exitium,
949 970 1178 1024 scripsisse.
1235 968 1389 1012 Nonne
1410 984 1484 1024 pro
1504 970 1691 1013 ablativo
1710 971 1821 1013 modi

361 1037 603 1092 accipienda
651 1041 752 1080 suut
801 1038 927 1079 verba
955 1039 1062 1094 pari
1091 1035 1248 1080 eaeitio?
1301 1036 1555 1078 Conferatur
1590 1037 1680 1080 Liv.
1719 1037 1821 1080 XXI

363 1106 421 1147 35
455 1105 585 1147 saltus
616 1105 730 1146 haud
759 1107 847 1146 sine
877 1105 1006 1154 clade,
1034 1106 1192 1146 maiore
1223 1112 1359 1145 tamen
1390 1105 1665 1146 iumentorum
1695 1121 1821 1162 quam

362 1173 574 1213 hominum
597 1173 800 1228 pernicie,
831 1180 1063 1227 superatus.

462 1238 545 1279 An.
586 1237 670 1279 XII
710 1238 784 1289 14,
827 1239 883 1279 18
921 1241 1058 1295 Atque
1087 1238 1157 1280 ille
1187 1253 1269 1280 uon
1292 1239 1585 1294 propinquum
1616 1270 1625 1279 .
1647 1269 1657 1279 .
1676 1270 1685 1279 .
1705 1270 1714 1279 .
1751 1240 1822 1279 in-

361 1321 537 1361 crepans
567 1307 742 1347 auribus
772 1307 922 1347 decisis
957 1307 1130 1346 vivere
1168 1306 1291 1354 iubet,
1328 1306 1558 1346 ostentui
1602 1305 1823 1347 clementiae

362 1387 446 1413 suoe
487 1380 524 1413 et
565 1373 610 1413 in
653 1387 727 1414 nos
768 1371 1240 1421 dehonestamento,
1283 1369 1393 1426 quod
1436 1370 1498 1412 ita
1533 1371 1821 1426 intellegimus

363 1436 517 1479 'vivum
573 1453 661 1479 esse
714 1436 913 1479 ostentui’
971 1453 1055 1492 eqs.
1145 1437 1578 1479 Animadvertendum
1639 1441 1703 1479 est
1754 1438 1823 1480 hic

364 1505 559 1547 accedere
594 1507 637 1546 et
670 1505 909 1559 genitivum
944 1507 988 1545 et
1024 1504 1375 1559 praepositionem.
1445 1504 1821 1547 Dehonestamento

361 1574 425 1612 est
459 1571 692 1614 Taciteum.

462 1641 545 1680 An.
584 1636 663 1679 XV
703 1640 779 1689 29,
823 1638 878 1680 16
918 1641 975 1680 At
1004 1653 1113 1679 nunc
1143 1653 1281 1679 versos
1298 1653 1440 1679 casus:
1470 1638 1671 1679 iturum
1707 1638 1822 1679 Tiri-

363 1707 487 1747 daten
517 1707 745 1747 ostentui
771 1706 1032 1761 yeutibus,
1072 1712 1226 1761 quanto
1257 1706 1397 1745 minus
1427 1720 1552 1760 quam
1583 1703 1823 1761 captivum?

363 1772 506 1814 Verba
554 1773 711 1814 iturum
753 1774 930 1815 ostentui
968 1773 1159 1829 ⁸centibus
1200 1771 1306 1813 idem
1351 1771 1550 1813 videntur
1584 1787 1674 1814 esse
1714 1772 1824 1827 quod

365 1837 549 1880 'euntem
587 1839 675 1880 fore
709 1840 895 1881 ostentui
932 1835 1157 1894 gentibus'.

465 1905 519 1946 H.
575 1905 616 1947 II
658 1906 731 1957 14,
772 1907 797 1947 2
837 1908 882 1948 ni
911 1908 1107 1948 victorem
1144 1906 1369 1947 exercitum
1406 1907 1641 1948 attinuisset
1678 1907 1824 1949 obscu-

365 1988 459 2013 rum
490 1974 634 2022 noetis,
665 1973 1262 2031 obtentuifuyieutibus.
1332 1970 1506 2014 Heraeus
1543 1973 1605 2014 ita
1639 1973 1824 2027 explicat

366 2037 485 2093 'quod
529 2040 723 2081 obtentui
768 2039 1031 2094 fugientibus
1068 2037 1186 2082 erat'.
1256 2037 1379 2092 Roby
1416 2038 1518 2080 dicit
1553 2039 1719 2081 dativos
1758 2039 1824 2082 hic

363 2120 453 2148 esse
489 2107 533 2148 in
569 2106 656 2148 loco
692 2108 982 2161 appositionis.
1050 2107 1236 2156 Quorum
1254 2109 1483 2160 utrumque
1502 2106 1684 2160 quodam
1704 2106 1824 2148 modo

366 2173 497 2228 accipi
551 2176 704 2228 potest,
758 2174 830 2215 sed
877 2174 979 2216 illud
1027 2173 1286 2216 sententiam
1341 2175 1514 2214 tantum
1557 2173 1707 2225 reddit,
1746 2174 1823 2216 hoc

365 2241 574 2282 rationem
615 2242 925 2296 interpretandi
968 2256 1054 2283 non
1096 2240 1240 2283 affert.
1314 2238 1453 2281 Haud·
1482 2241 1567 2282 scio
1603 2256 1659 2283 an
1696 2241 1823 2283 intel-

366 2307 590 2363 legendum
627 2309 684 2350 sit
720 2308 1006 2363 participium,
1044 2307 1154 2363 quod
1190 2310 1255 2349 est
1290 2306 1354 2349 ὄν.

466 2378 550 2416 Α11.
587 2375 668 2418 XV
706 2377 782 2426 27,
822 2377 848 2417 6
887 2376 1018 2417 multa
1048 2376 1254 2417 Romanis
1283 2375 1478 2424 secunda,
1502 2377 1693 2431 ‹Juoedam
1710 2377 1823 2417 Par-

368 2442 447 2483 this
477 2444 666 2493 evenisse,
698 2444 997 2485 documento
1029 2443 1227 2483 adversus
1256 2441 1510 2497 superbiam.
1562 2441 1685 2498 Roby
1711 2441 1823 2484 hunc

370 2509 503 2551 locum
548 2511 691 2552 eodem
740 2509 859 2550 modo
907 2513 1035 2563 atque
1082 2510 1316 2563 proximum
1354 2497 1552 2562 explicat.
1626 2509 1822 2552 Fortasse

369 2576 602 2629 putandum
621 2580 685 2618 est
721 2577 765 2618 in
802 2576 928 2618 verbo
963 2578 1140 2618 evenisse
1158 2577 1294 2618 inesse
1311 2575 1487 2618 verbum
1506 2576 1822 2619 substantivum

370 2642 435 2682 vel
470 2645 608 2696 potius
628 2643 755 2685 simul
773 2644 1026 2686 audiendum
1044 2647 1108 2685 est
1126 2642 1398 2699 participium
1415 2643 1529 2685 verbi
1549 2644 1821 2686 substantivi.

473 2709 595 2752 Mitto
631 2711 790 2753 variam
828 2711 1049 2753 lectionem
1087 2709 1141 2753 H.
1179 2710 1200 2752 I
1240 2711 1315 2758 78,
1357 2709 1381 2750 5
1420 2725 1527 2752 nova
1568 2713 1685 2753 iura⁴
1710 2710 1823 2767 Cap-

361 2777 559 2834 padocioe
588 2778 748 2835 (dedit),
781 2795 888 2820 nova
918 2779 1093 2836 Africae,
1124 2779 1352 2820 ostentui
1380 2779 1515 2832 mayis
1545 2794 1670 2835 quam
1701 2793 1823 2819 man-
