2032 3286
1631 230 1652 265 5

258 346 434 386 honeste
470 344 587 385 facta
622 343 663 384 id
698 343 820 397 quasi
856 342 936 383 sibi
972 345 1278 396 proposuerant
1296 342 1358 384 vel
1379 342 1420 383 id
1445 343 1710 396 spectabant,

258 414 304 453 ut
357 425 406 452 ea
441 410 619 452 exitium
672 409 991 464 insequeretur?
1036 409 1099 451 Ac
1132 423 1262 464 quum
1298 408 1452 450 dicitur
1487 409 1592 465 Agr.
1632 409 1709 459 31,

262 480 318 519 10
358 480 422 519 Ac
451 479 558 519 sicut
591 479 634 518 in
657 477 838 535 familia
853 478 1158 518 recentissimus
1174 479 1346 533 quisque
1361 491 1570 518 servorum
1586 479 1711 519 etiam
1755 477 1760 481 ’

257 547 464 587 conservis
504 544 692 586 ludibrio
723 552 793 595 est,
825 545 884 585 sic
913 546 956 584 et
991 558 1083 598 quae
1117 551 1365 599 sequuntur,
1405 558 1506 585 num
1541 545 1710 598 putabi-

257 626 349 653 mus
385 612 583 653 Tacitum
619 612 777 652 dictum
815 610 993 651 voluisse
1031 612 1363 652 recentissimum
1383 624 1550 651 servum
1570 611 1609 651 id
1629 611 1709 652 sibi

255 680 517 734 propositum
558 679 709 720 habere
743 678 806 719 vel
843 677 883 718 id
920 678 1051 732 sequi,
1089 682 1137 719 ut
1173 693 1198 720 a
1225 678 1436 720 conservis
1455 677 1709 720 irrideatur?

255 745 333 786 His
383 746 525 787 allatis
574 746 673 786 locis
721 746 826 786 satis
873 744 1182 786 demonstrasse
1232 744 1333 786 mihi
1377 745 1518 786 videor
1553 744 1595 785 in
1634 744 1710 785 hoc

254 812 399 870 dativo
445 826 715 865 nequaquam
752 812 888 852 inesse
925 810 1275 865 significationem
1313 811 1475 853 consilii
1513 811 1573 852 vel
1612 810 1709 852 finis

254 879 471 933 propositi.

355 945 445 986 Iam
483 959 580 986 vero
616 948 718 986 sunt
753 947 824 1000 qui
861 946 1005 987 dicant-
1040 945 1151 987 hunc
1188 946 1376 987 dativum
1403 960 1490 987 esse
1509 959 1583 1000 pro
1603 959 1707 999 prae-

252 1012 405 1055 dicato.
460 1011 623 1055 Horum
642 1013 686 1055 in
704 1028 876 1055 numero
894 1012 1097 1068 praecipne
1117 1012 1396 1055 nominandus
1413 1015 1480 1054 est
1498 1008 1703 1070 Roby¹),

252 1080 325 1133 qui
362 1081 489 1121 etiam
535 1094 686 1121 nomen
731 1081 988 1133 praedicativi
1025 1081 1121 1120 hu'ic
1157 1080 1299 1121 dativo
1335 1080 1499 1120 indidit.
1569 1079 1704 1128 Quam

251 1147 511 1189 sententiam
556 1149 605 1190 ut
652 1147 925 1197 demonstret,
974 1147 1082 1189 locos
1131 1146 1243 1189 haud
1290 1162 1443 1201 paucos
1479 1145 1622 1196 affert,
1659 1146 1703 1189 in

250 1214 401 1267 quibus
432 1228 481 1254 ea
517 1214 732 1263 vocabula,
753 1218 863 1268 vquae
898 1215 941 1254 in
977 1214 1055 1254 hoc
1089 1214 1221 1254 dativi
1257 1228 1335 1253 usu
1372 1228 1553 1267 persaepe
1587 1214 1705 1254 inve-

250 1281 443 1331 niuntur,
491 1294 586 1322 cum
623 1280 748 1322 verbo
783 1281 1052 1322 substantivo
1088 1282 1312 1322 coniuncta
1347 1295 1429 1321 non
1466 1282 1511 1322 in
1545 1280 1703 1331 dativo,

250 1347 322 1389 sed
368 1348 410 1388 in
459 1348 720 1389 nominativo
766 1361 866 1389 casu
913 1347 994 1400 (vel
1040 1348 1083 1388 in
1121 1348 1377 1400 accusativo)
1415 1350 1515 1388 sunt
1551 1348 1704 1400 posita.

251 1413 316 1456 Ad
352 1428 455 1468 quos
493 1415 600 1455 locos
636 1414 832 1467 perfacile
868 1415 940 1455 alii
975 1413 1071 1455 addi
1107 1411 1351 1470 possunt2).
1418 1414 1476 1454 Ac
1510 1414 1707 1455 videntur

250 1496 353 1523 sane
390 1481 429 1522 hi
468 1482 558 1531 loci,
605 1482 647 1522 in
685 1481 839 1535 quibus
886 1495 961 1535 pro
995 1481 1139 1523 dativo
1176 1495 1289 1531 casu,
1328 1495 1451 1536 quem
1489 1484 1708 1535 exspecta-

250 1548 448 1597 verimus,
499 1553 563 1589 est
619 1548 906 1590 nominativus
954 1547 1035 1600 (vel
1084 1539 1381 1602 accusativus),
1432 1547 1482 1588 ad
1529 1561 1612 1597 eos,
1661 1547 1706 1588 in

248 1616 399 1670 quibus
435 1618 500 1657 est
535 1615 719 1664 dativus,
756 1630 884 1670 quam
921 1616 1108 1669 proxime
1145 1615 1349 1664 accedere,
1387 1617 1436 1655 ut
1471 1629 1597 1669 prope
1629 1629 1707 1668 pu·

249 1682 428 1724 tandum
465 1682 521 1723 sit·
557 1682 719 1724 nullam
755 1696 927 1737 prorsus
964 1682 1075 1724 inter
1111 1685 1335 1737 utrumque
1370 1695 1494 1723 usum
1525 1681 1706 1723 interce-

248 1750 345 1791 dere
397 1749 723 1804 significationis
771 1750 1072 1791 differentiam.
1143 1749 1223 1791 Sed
1271 1751 1306 1791 si
1349 1750 1588 1791 accuratius
1631 1749 1707 1790 hos

249 1816 359 1858 locos
406 1816 663 1871 inspicimus,
713 1816 825 1858 haud
869 1817 954 1858 scio
990 1832 1045 1859 an
1080 1816 1326 1860 differentia
1360 1816 1549 1872 quaedam
1586 1816 1703 1857 insit.

248 1883 437 1925 Primum
474 1899 543 1925 eos
583 1885 692 1926 locos
729 1885 1003 1938 seiungamus
1038 1887 1218 1938 oportet,
1257 1885 1302 1926 in
1336 1885 1487 1939 quibus
1523 1883 1575 1925 ad
1607 1883 1705 1924 sub-

247 1951 485 1992 stantivum
537 1950 789 2005 adiungitur
833 1950 1099 1998 adiectivum,
1151 1951 1260 2006 qnod
1304 1965 1385 1992 11011
1430 1954 1496 1990 est
1530 1965 1707 2005 maynus

248 2019 385 2059 maior
416 2026 556 2058 tardus
591 2018 703 2067 sim.,
740 2032 870 2071 quum
908 2018 992 2059 alia
1028 2018 1234 2060 adiectiva
1252 2029 1344 2058 cum
1366 2018 1441 2058 hoc
1458 2017 1601 2057 dativo
1618 2030 1703 2056 non

247 2084 447 2140 coniungi
495 2085 600 2126 satis
648 2086 824 2125 constet.
897 2082 1165 2139 Seiungimus
1208 2084 1340 2140 igitur
1383 2083 1506 2133 locos,
1556 2081 1703 2138 quales

246 2155 348 2192 sunt
383 2151 473 2192 Liv.
512 2151 532 2192 Ι
571 2152 645 2200 52,
680 2151 707 2191 4
743 2165 882 2191 recens
920 2152 1220 2201 documentum,
1257 2151 1346 2193 Liv.
1384 2149 1485 2191 XXI
1524 2150 1599 2200 19,
1642 2150 1699 2191 10

316 2272 345 2312 ¹)
371 2273 479 2306 Latin
512 2274 699 2305 Grammar
723 2274 758 2305 II
784 2274 933 2306 Preface
958 2284 995 2316 p.
1021 2282 1140 2306 xxvrl.
1187 2275 1354 2306 Ceterum
1379 2273 1503 2315 aliqua
1528 2283 1573 2305 ex
1596 2277 1703 2315 parte

246 2330 315 2362 hoc
329 2330 555 2362 contendunt
578 2330 739 2369 Haase,
763 2330 915 2372 Reisig's
940 2331 1187 2372 Vorlesungen
1212 2331 1301 2362 iiber
1324 2330 1449 2362 latein.
1485 2329 1703 2371 Sprachwis-

247 2385 446 2424 senschaft,
470 2385 592 2425 Leipz.
623 2385 720 2424 1839,
744 2395 780 2426 p.
805 2386 870 2417 670
887 2395 968 2417 ann.
986 2387 1061 2425 546,
1075 2386 1271 2422 Schultz,
1295 2386 1436 2416 Latein.
1451 2385 1705 2425 Sprachlehre,

245 2440 371 2472 Vierte
395 2443 503 2483 Ausg.
529 2440 742 2473 Paderborn
767 2441 863 2481 1857,
889 2438 907 2482 ξ
929 2442 992 2473 269
1016 2444 1117 2473 Anm.
1159 2441 1419 2480 Nielander,
1445 2441 1518 2472 Der
1533 2441 1703 2474 factitive

245 2495 399 2527 Dativus
424 2496 462 2527 in
487 2496 559 2527 den
590 2496 938 2529 Ciceronianischen
973 2497 1166 2536 Schriften,
1190 2507 1225 2537 p.
1250 2498 1280 2536 3,
1305 2496 1397 2528 dicit
1419 2496 1514 2528 hunc
1539 2496 1702 2528 dativum

247 2552 287 2584 id
312 2562 432 2595 agere,
457 2555 497 2585 ut
523 2553 814 2596 significationes
851 2554 1076 2595 quorundam
1100 2555 1301 2594 verborum,
1328 2563 1405 2595 quae
1429 2553 1510 2594 ipsa
1534 2563 1606 2586 non
1632 2554 1705 2586 suf—

248 2609 384 2647 ficiant,
420 2608 516 2640 iuste
554 2610 713 2650 expleat,
739 2619 845 2649 quam
870 2610 917 2640 ob
943 2618 1086 2641 causam
1111 2619 1242 2641 nomen
1265 2609 1494 2650 praedicativi
1518 2610 1706 2650 proponit,

248 2664 313 2696 sed
349 2664 388 2697 in
423 2664 518 2698 hanc
554 2675 628 2698 rem
665 2675 738 2698 non
763 2664 969 2699 accuratius
993 2665 1157 2708 inquirit.
1198 2666 1368 2708 Sequitur
1402 2675 1483 2698 eum
1507 2665 1703 2706 Kiihner,

246 2722 346 2752 Ausf.
373 2722 601 2753 Grammatik
627 2722 693 2753 der
716 2721 861 2753 Latein.
887 2721 1045 2762 Sprache
1069 2724 1114 2753 II:
1141 2724 1170 2760 1,
1194 2732 1229 2762 p.
1254 2722 1330 2761 252,
1354 2720 1372 2761 ξ
1400 2724 1452 2761 77,
1478 2724 1508 2754 3.

313 2773 342 2814 ²)
368 2776 422 2808 Cf.
450 2776 611 2816 Kiflmer,
637 2778 736 2810 Ausi.
761 2779 840 2811 Lat.
866 2779 984 2811 Gram.
1009 2778 1043 2810 11
1067 2787 1101 2819 p.
1127 2775 1202 2817 255,
1227 2775 1246 2818 ξ
1267 2778 1308 2810 77
1332 2779 1433 2810 Α11111.
1458 2779 1482 2810 1.
