2032 3286
1549 212 1603 251 41

307 325 362 370 H.
400 327 421 370 I
458 327 534 380 41,
573 329 599 371 9
636 328 710 377 alii
739 326 991 385 (prodidere)
1019 359 1029 369 .
1054 359 1063 370 .
1085 359 1096 369 .
1119 359 1128 369 .
1153 341 1305 385 paucos
1351 328 1458 369 dies
1481 327 1662 368 ›emoc-

209 397 366 445 vendo
407 397 645 438 donativo
680 397 951 451 deprecatum.
1001 393 1066 437 Ἡ.
1103 393 1147 437 II
1184 394 1260 445 21,
1302 394 1360 436 14
1397 408 1461 449 sq.
1510 393 1655 436 Vitelli·

207 465 280 504 ani
311 462 512 520 pluteos
545 469 787 519 cratesque
820 470 855 504 et
899 463 1068 505 vineas
1109 461 1464 516 subfodiendis
1502 462 1662 503 muris

205 530 611 587 p'roteqendisque
642 530 1102 587 obpuqnatoribus,
1173 528 1391 572 Othoniani
1436 529 1585 571 sudes
1626 535 1663 571 et

208 598 422 639 immensas
435 597 622 653 lapidum
636 613 683 638 ae
695 594 851 654 plumbi
865 597 1034 653 oerisque
1049 596 1197 638 moles
1216 590 1661 654 perfr‘inqendis¹)

207 664 554 721 obruendisque
597 664 828 707 hostibus
870 665 1099 722 expediunt.
1158 661 1213 705 H.
1251 661 1316 719 ΠΙ
1353 663 1430 714 20,
1473 662 1530 704 15
1568 677 1661 705 ἠοω

207 742 416 773 conversus
444 733 498 772 ad
527 732 714 787 sinyuios,
743 746 840 772 num
863 746 1020 773 secures
1034 730 1299 786 dolabrasque
1327 739 1363 773 et
1390 738 1552 772 cetera
1581 745 1660 771 ea·-

201 799 504 855 puqnandis
547 798 758 840 urbibus
794 812 926 840 seeum
961 796 1195 845 attulissent,
1230 797 1438 854 roqitabat.
1496 794 1551 840 H.
1595 795 1662 838 III

210 866 286 916 32,
328 865 385 907 16
423 865 469 907 Is
498 865 726 918 balineas
758 865 1212 906 abluendo'eruori
1236 879 1407 921 propere
1434 865 1544 920 petit.
1604 862 1660 905 H.

208 930 274 974 III
314 932 388 984 70,
430 932 453 974 7
493 930 579 974 Cur
607 932 713 974 enim
741 945 762 974 e
789 932 932 973 rostris
966 932 1114 986 fratris
1149 932 1363 981 domum,
1406 930 1662 974 inminentem

204 999 298 1053 foro
325 1007 361 1041 et
389 1000 680 1041 inritandis
717 998 923 1040 hominum
971 998 1131 1040 oeulis
1146 993 1206 1055 ²),
1248 1013 1372 1054 quam
1418 997 1662 1039 Aventinum

207 1073 243 1108 et
265 1073 431 1122 penates
473 1066 615 1107 uxoris
641 1063 831 1123 petisset?
877 1063 931 1107 H.
977 1063 1041 1107 IV
1085 1064 1162 1113 48,
1200 1064 1228 1105 4
1267 1064 1394 1121 Leqio
1431 1065 1491 1118 in,
1515 1063 1664 1120 Africa

208 1132 483 1189 auxiliaque
526 1131 750 1174 tutandis
792 1132 954 1188 imperii
986 1132 1200 1189 finibus
1235 1131 1307 1173 sub
1350 1132 1442 1173 divo
1482 1131 1664 1187 Auqusto

212 1199 448 1256 Tiberioque
472 1199 728 1256 principibus
747 1199 980 1256 proconsuli
988 1199 1200 1255 parebant.
1244 1196 1302 1240 H.
1321 1197 1362 1240 V
1385 1198 1459 1249 12,
1486 1198 1514 1240 4
1534 1201 1666 1241 cavati

208 1266 280 1309 sub
308 1274 417 1309 terra
460 1273 610 1309 montes
639 1275 674 1308 et
699 1267 866 1323 piscinoe
904 1267 1223 1323 cisternoeque
1264 1267 1535 1315 servandis
1579 1268 1664 1309 im-

208 1334 399 1375 bribus.
458 1331 512 1374 H.
549 1332 590 1375 V
628 1333 704 1385 19,
752 1333 778 1374 6
813 1348 970 1389 gnarus
1009 1334 1140 1375 deesse
1184 1347 1328 1374 riaves
1371 1334 1667 1391 efficiendo

204 1401 350 1456 ponti
385 1413 473 1455 eqs.
548 1398 628 1441 An.
666 1399 686 1442 Ῑ
725 1400 802 1451 62,
851 1400 876 1440 5
923 1400 1114 1442 Primum
1156 1401 1436 1442 extruendo
1479 1400 1669 1442 tumulo

209 1481 336 1524 eoesp
346 1468 459 1508 item
488 1465 624 1507 Coesar
649 1466 798 1523 posuit.
856 1467 939 1508 An.
975 1465 1020 1508 II
1057 1466 1135 1517 26,
1176 1466 1234 1508 16
1275 1466 1467 1509 Preeante
1495 1465 1669 1508 Germa-

211 1534 296 1575 nico
340 1547 537 1574 annum
571 1533 880 1591 efficiendis
922 1536 1113 1590 coeptis
1153 1547 1241 1589 eqs.
1314 1537 1397 1575 An.
1443 1532 1487 1575 II
1524 1532 1600 1583 33,
1640 1535 1667 1576 3

209 1601 487 1655 decretumque
501 1614 551 1641 ne
576 1615 693 1641 vasa
708 1614 809 1642 auro
824 1600 954 1642 solida
982 1601 1348 1642 ministrandis
1375 1599 1670 1656 eibisfierent

170 1696 182 1709 .
211 1681 297 1723 eqs.
369 1665 452 1708 An.
492 1664 534 1707 II
573 1666 650 1718 88,
689 1668 716 1709 3
759 1669 796 1709 si
834 1669 1105 1723 patrandoe
1147 1669 1256 1710 neci
1298 1682 1531 1710 venenum
1575 1669 1669 1710 mit-

211 1741 370 1778 teretur.
431 1732 514 1776 An.
551 1732 618 1777 III
658 1734 732 1787 12,
772 1735 799 1777 3
835 1733 978 1777 Patris
1015 1736 1082 1778 sui
1124 1734 1295 1792 leqatum
1337 1741 1455 1792 atque
1497 1734 1670 1776 amioum

212 1802 404 1844 Pisonem
430 1803 568 1859 fuisse
603 1804 985 1859 adiutoremque
1012 1801 1253 1845 Germanico
1283 1803 1422 1845 datum
1450 1818 1477 1844 a
1505 1817 1546 1845 se
1573 1817 1670 1844 aue-

211 1876 294 1911 tore
335 1874 477 1910 senatu
515 1869 662 1910 rebus
697 1870 812 1925 apud
849 1873 1038 1912 orientem
1075 1870 1526 1911 administrandis.
1583 1867 1666 1910 An.

210 1934 277 1979 III
316 1934 391 1986 15,
433 1934 595 1978 14tnm
623 1935 778 1978 solita
806 1937 1030 1979 curando
1057 1936 1267 1993 corpori
1294 1937 1535 1992 eaesequitur.
1583 1933 1666 1977 An.

211 2001 278 2044 III
316 2002 393 2053 40,
434 2002 492 2043 13
530 2003 732 2059 e9re9ium
768 2003 1077 2044 resumendoe
1105 2002 1339 2043 libertati
1366 2009 1554 2058 tempus
1582 2015 1668 2056 eqs.

279 2158 310 2223 ¹)
333 2183 446 2216 vineis
481 2181 543 2216 hic
577 2181 683 2215 addit
700 2214 702 2216 ,
717 2181 880 2224 Classen,
913 2181 1075 2225 operibus
1112 2179 1319 2214 addendum
1355 2179 1507 2215 coniicit
1540 2157 1658 2224 Halm,

212 2235 430 2280 receperunt
452 2238 662 2279 Nipperdey
686 2240 724 2270 et
747 2239 907 2271 Heraeus.

284 2302 315 2346 ²)
336 2297 415 2338 'Hos
440 2304 582 2338 dativus
613 2304 764 2339 Hermus
788 2304 834 2338 ad
858 2305 894 2338 h.
918 2305 942 2338 1.
969 2314 1047 2338 cum
1083 2305 1196 2338 verbo
1227 2305 1378 2348 petisset
1411 2305 1563 2349 propius
1589 2316 1658 2340 oon

216 2361 417 2402 nectendos
441 2370 522 2394 esse
546 2364 682 2401 censet,
708 2362 784 2402 sed,
808 2361 848 2394 ni
871 2362 992 2401 fallor,
1017 2364 1055 2394 et
1078 2370 1226 2403 prorsus
1249 2362 1384 2394 desunt
1396 2363 1495 2404 apud
1511 2362 1673 2396 Tacitum

214 2416 299 2458 loci,
323 2415 387 2449 ubi
411 2416 560 2449 verbum
579 2413 729 2458 petendi
753 2416 900 2449 dativus
923 2415 1118 2459 gerundivi
1140 2416 1355 2458 insequatur
1378 2433 1422 2440 —
1444 2427 1528 2450 nun
1552 2418 1597 2451 H.
1619 2420 1675 2453 111

217 2475 270 2516 32,
296 2473 338 2506 16
361 2482 433 2506 vox
456 2471 615 2505 balineas
638 2467 813 2506 maiorem
835 2472 952 2507 habet
974 2472 1049 2505 vim
1073 2482 1180 2515 quam
1204 2473 1353 2506 verbum
1371 2475 1469 2516 petit
1492 2491 1535 2497 —
1553 2483 1675 2518 neque

214 2530 310 2563 ullus
342 2530 399 2561 eet
421 2528 461 2561 in
483 2528 659 2561 Historiis
694 2529 806 2569 locus,
828 2527 871 2561 vin
895 2538 967 2570 quo
991 2529 1141 2561 verbum
1175 2529 1310 2561 eundi
1344 2529 1560 2563 veniendi
1594 2541 1676 2564 cnm

217 2587 292 2620 dat.
315 2584 466 2629 gerund.
490 2584 720 2618 coniunctum
745 2584 947 2630 videpmun.
993 2585 1093 2626 Tum,
1117 2584 1150 2619 si
1174 2594 1318 2619 sensum
1341 2585 1449 2620 huius
1472 2587 1548 2621 loci
1564 2589 1677 2631 respi-

169 2666 171 2670 1
219 2643 343 2682 cimus,
366 2641 484 2673 minus
509 2643 634 2682 aptum
658 2634 808 2673 videtur'
829 2651 1003 2683 quaerere,
1029 2651 1104 2674 cur
1126 2641 1255 2675 fratris
1280 2643 1424 2675 domum
1447 2644 1607 2685 petisset
1627 2655 1677 2678 eo

219 2696 432 2738 oonsilio,
463 2698 504 2729 ut
532 2696 657 2729 oculos
681 2695 866 2741 hominm
890 2696 1073 2730 imitaret.
1121 2696 1410 2739 Interpretamur
1433 2698 1504 2733 ita:
1542 2701 1679 2734 ᾱοηιιιιη

218 2755 457 2786 imminentem
473 2753 556 2795 foro
579 2755 614 2785 et
637 2745 747 2785 otta»
771 2752 969 2785 inritandis
993 2753 1026 2785 Ιι.
1050 2752 1175 2785 oeulis.

1522 2813 1542 2846 4
