2032 3286
479 226 527 261 28

417 340 502 379 tur.
573 336 615 379 Si
652 340 704 389 ei,
749 338 799 379 de
841 352 924 393 quo
967 338 1036 379 hio
1080 338 1261 392 agimuS,
1307 337 1440 378 dativi
1482 338 1631 392 generi
1666 352 1738 379 eas
1775 339 1876 380 sub-

417 405 650 459 iungimus,
702 405 940 459 putandum
984 408 1049 445 est
1094 405 1199 444 dono
1240 405 1338 445 dare
1376 404 1533 460 aliquid
1563 406 1731 458 proprie
1767 406 1877 447 idem

417 484 506 512 esse
543 472 653 525 quod
691 470 807 513 'dare
842 471 1015 526 aliquid,
1054 473 1102 511 ut
1137 470 1292 511 donum
1328 468 1414 511 sit?
1472 469 1661 512 Verbum
1698 474 1879 527 accipere

416 538 461 579 in
496 538 564 580 his
599 539 738 589 dietis,
776 538 965 593 patiendi
986 539 1070 580 vim
1087 537 1268 592 quodam
1288 537 1408 578 modo
1426 537 1596 591 praebet,
1635 538 1701 580 cui
1722 538 1877 595 agendi

417 606 691 661 significatio,
737 620 830 661 quae
871 606 914 647 in
962 606 1087 647 verbo
1122 604 1253 647 dandi
1289 606 1413 655 inest,
1452 605 1689 660 respondet.
1772 606 1878 646 Venv

416 675 528 721 dure,
566 687 649 728 quo
690 673 854 715 dicendi
891 687 1043 727 genere
1078 671 1250 713 Tacitus
1287 672 1447 726 primus
1483 686 1583 713 usus
1619 675 1685 714 est
1719 687 1793 728 pro
1813 686 1874 722 eO,

417 741 526 794 quod
578 746 642 782 est
694 754 845 783 venum
893 739 994 782 dare
1030 740 1095 781 vel
1135 739 1387 790 venundare,
1438 739 1518 781 huc
1554 740 1698 791 attuli,
1745 754 1876 797 quum

417 809 507 848 siue
547 808 673 848 dubio
708 807 759 848 ad
798 807 1119 847 similitudinem
1143 806 1365 847 locutionis
1385 808 1488 848 dono
1505 808 1603 847 dare
1621 807 1781 849 dietum
1802 808 1874 849 sit.

572 962 609 1001 2.
670 960 728 1004 ne
760 971 839 1004 usu
872 959 996 1004 huius
1029 959 1159 1004 dativi
1190 960 1301 1016 apud
1334 959 1531 1004 Tacitum
1565 960 1733 1005 latiore.

513 1054 719 1097 Venimus
756 1056 809 1097 ad
846 1070 914 1096 eos
952 1055 1074 1105 locos,
1121 1055 1165 1096 in
1207 1054 1361 1109 quibus
1407 1053 1581 1096 Tacitus
1624 1055 1768 1097 dativo
1805 1070 1876 1098 ca-

413 1122 476 1163 sui
521 1122 573 1164 ad
621 1122 791 1164 finalem
842 1123 927 1164 vim
975 1122 1300 1177 significandam
1338 1121 1532 1163 latiorem
1576 1136 1698 1164 usum
1736 1123 1876 1165 vindi-

413 1190 538 1230 cavit.
578 1188 818 1231 Secundum
835 1194 1005 1231 aetatem
1028 1190 1227 1230 librorum
1254 1189 1328 1229 hos
1358 1189 1466 1229 locos
1498 1188 1718 1230 afferimus
1738 1183 1883 1244 pauoa'

414 1257 540 1298 verba.
577 1255 899 1312 subiungentes.

514 1323 620 1379 Agr.
649 1324 724 1375 31,
757 1325 779 1366 7
810 1333 904 1365 natu
936 1326 1177 1365 servituti
1205 1325 1410 1380 mancipia
1441 1324 1558 1365 semel
1588 1333 1754 1366 veneunt,
1784 1339 1870 1379 eqs.

416 1392 443 1432 i.
466 1405 501 1432 e.
526 1396 631 1432 nata
669 1391 720 1433 ad
757 1387 1078 1446 servitutem¹),
1116 1396 1164 1432 ut
1200 1392 1308 1433 servi
1344 1391 1445 1433 sint.
1490 1417 1541 1422 -—
1583 1390 1822 1442 H.11135,
1846 1394 1871 1434 9

417 1460 456 1498 in
490 1456 756 1500 Germaniam
796 1458 1007 1514 Alpinium
1047 1459 1287 1500 Montanum
1313 1459 1554 1517 praeseptum
1584 1459 1752 1499 cohortis
1780 1491 1788 1500 .
1808 1491 1816 1500 .
1837 1492 1845 1500 .
1865 1492 1874 1499 .

413 1528 642 1565 ostentui
683 1528 836 1568 misere.
910 1525 1052 1567 Minus
1098 1526 1183 1567 veri
1228 1525 1364 1566 simile
1398 1524 1564 1566 videtur
1599 1528 1768 1567 ostentui
1807 1527 1874 1568 hic

412 1605 488 1645 pro
536 1591 679 1633 dativo
727 1592 907 1634 effeetus
954 1607 1045 1634 esse
1093 1591 1395 1646 accipiendum,
1446 1606 1576 1645 quum
1622 1592 1875 1646 insequatur

413 1658 589 1699 verbum
627 1662 778 1701 misere.
845 1660 1076 1701 Consilium
1111 1658 1395 1714 significatur,
1440 1661 1482 1699 et
1519 1662 1584 1700 est
1620 1659 1728 1700 idem
1764 1661 1873 1714 quod

413 1722 476 1766 'ad
525 1725 881 1767 ostentationem'.
934 1753 985 1757 —
1034 1726 1088 1767 H.
1126 1725 1191 1767 ΙΙΙ
1230 1726 1305 1774 84,
1346 1726 1373 1765 4
1417 1733 1556 1767 cuncta
1600 1726 1873 1769 validissima-

412 1808 505 1833 rum
538 1793 698 1834 urbium
733 1795 950 1836 excidiis
980 1801 1150 1849 reperta.
1190 1819 1250 1823 --
1287 1791 1342 1833 H.
1380 1791 1442 1834 IV
1482 1792 1557 1842 81,
1600 1792 1657 1834 18
1697 1793 1752 1835 Id
1772 1796 1872 1851 sor-

411 1866 513 1899 tasse
544 1862 657 1901 cordi
686 1862 788 1915 deis,
832 1869 867 1903 et
903 1863 1080 1902 divino
1113 1861 1405 1901 ministerio
1430 1861 1665 1916 principem
1696 1861 1870 1910 electam,

411 1925 438 1966 i.
478 1940 513 1966 e.
553 1930 602 1968 ut
638 1927 828 1968 divinum
864 1928 1146 1968 ministerium
1184 1926 1400 1983 (minister
1435 1925 1627 1983 deorum)
1657 1931 1781 1969 esset.
1814 1954 1866 1959 ——

413 1991 493 2034 Au.
536 1994 553 2035 Ι
591 1995 667 2043 23,
714 1995 769 2035 18
808 1997 1077 2036 centurionem
1120 1996 1274 2035 morti
1315 1995 1491 2048 deposcit
1531 1993 1556 2034 i.
1596 2007 1631 2034 e.
1671 1994 1722 2035 ad
1760 2009 1871 2036 mor-

409 2057 567 2117 te1n2),
613 2066 662 2102 ut
709 2064 844 2102 morte
888 2061 1143 2103 afficeretur.
1185 2087 1243 2090 -—
1288 2059 1372 2101 Au.
1405 2059 1425 2101 I
1463 2061 1539 2109 29,
1586 2061 1642 2102 16
1686 2061 1871 2102 Tradunt

466 2161 501 2170 ..
534 2130 607 2170 «lii
645 2146 815 2185 corpora
853 2138 965 2171 eoetra
997 2129 1146 2171 vallum
1176 2129 1326 2170 abiecta
1357 2130 1589 2171 ostentui.
1636 2129 1745 2183 quod
1780 2129 1872 2171 sine

409 2195 538 2238 dubio
593 2211 677 2238 nou
732 2197 793 2239 ita
848 2196 1134 2252 accipiendum
1170 2199 1249 2245 est,
1304 2198 1353 2236 ut
1399 2199 1598 2250 putemus
1634 2196 1743 2238 idem
1778 2210 1870 2238 esse

406 2265 520 2316 quod
572 2263 770 2319 'col-pora,
817 2279 910 2318 quae
954 2268 1076 2305 extra
1129 2263 1289 2305 vallum
1342 2263 1506 2304 abiecta
1543 2267 1697 2313 essent,
1737 2264 1869 2305 fuisse

407 2329 614 2373 ostentui'
644 2331 716 2385 (cf.
756 2346 796 2386 p.
838 2331 935 2385 20),
992 2330 1061 2372 sed
1116 2329 1192 2371 hoe
1247 2329 1367 2371 modo
1420 2330 1603 2384 'corpora
1640 2345 1674 2372 e.
1715 2345 1752 2372 ν.
1793 2331 1869 2373 ab·

407 2397 523 2438 ieet-a.
576 2413 666 2439 esse
720 2398 772 2440 ad
826 2398 1171 2446 ostentationem,
1211 2397 1262 2438 ad
1299 2396 1600 2450 spectaculum,
1640 2401 1689 2438 ut
1724 2402 1868 2440 osten-

478 2541 506 2581 ¹)
531 2543 585 2574 Cf.
610 2543 654 2574 H.
678 2543 728 2574 IV
752 2543 805 2581 64,
831 2543 851 2573 9
875 2543 964 2574 viris
989 2541 1037 2573 ad
1061 2551 1162 2572 arma
1186 2543 1293 2573 natis.
1342 2541 1429 2573 Tres
1454 2542 1565 2580 locos,
1590 2541 1654 2573 ubi
1679 2544 1737 2573 est
1760 2544 1866 2573 natus

410 2597 467 2637 ad,
492 2607 536 2630 ex
559 2599 715 2640 Dialogo
741 2598 854 2630 affert
877 2597 990 2637 Mane,
1015 2597 1069 2629 De
1093 2606 1246 2638 praepos.
1273 2596 1340 2628 'ad'
1364 2606 1399 2638 p.
1425 2598 1482 2629 51.

474 2650 503 2692 ²)
528 2655 581 2686 Cf.
605 2655 649 2686 H.
673 2656 728 2686 III
754 2655 806 2694 10,
832 2655 851 2685 8
881 2654 930 2686 ad
954 2656 1103 2686 eutitium
1121 2653 1346 2695 poscebatur,
1382 2653 1426 2684 H.
1451 2654 1504 2684 III
1530 2654 1581 2692 11,
1608 2653 1627 2685 7
1653 2653 1702 2684 ad
1728 2652 1865 2694 suppli·

404 2710 498 2741 cium
523 2709 756 2752 deposcerent,
793 2711 838 2743 cf.
863 2711 978 2751 Mane,
1004 2711 1027 2742 1.
1054 2720 1082 2743 c.
1106 2719 1141 2752 p.
1167 2710 1219 2741 46.
1279 2709 1415 2741 Contra
1440 2718 1484 2741 ea
1507 2711 1669 2750 expetere
1705 2708 1858 2749 aliquem

397 2777 523 2810 poenoe
557 2768 734 2808 (Seneca),
761 2769 807 2800 cf.
832 2769 1006 2809 Draeger,
1029 2767 1167 2800 Histor.
1193 2767 1293 2808 Synt.
1318 2767 1335 2798 I
1359 2776 1395 2807 p.
1421 2766 1496 2798 407.
