2032 3286
1503 219 1554 256 37

167 332 518 389 Syracusanorum
556 335 692 391 eyredi
731 349 941 377 numerum
984 335 1193 378 edendis
1233 332 1616 392 qladiatoribus

156 401 325 458 finitum
356 401 660 456 permittebatur
695 416 781 457 eqs.
850 401 934 444 Au.
971 400 1052 445 XV
1087 398 1132 453 4,
1173 401 1194 443 1
1238 402 1305 443 Εα
1332 403 1430 443 dum
1458 417 1484 442 a
1512 399 1615 443 Cor-

167 466 307 523 bulone
334 468 524 510 tuendoe
555 464 774 527 Surioe¹)
797 477 1018 527 parantur,
1046 482 1134 525 eqs.
1199 467 1283 511 An.
1321 467 1402 511 XV
1437 469 1482 520 9,
1521 468 1547 510 2
1579 476 1615 510 et

167 549 215 575 ne
240 535 387 591 ponti
415 535 669 577 iniciendo
697 537 1021 592 impedimentum
1050 537 1207 580 hostiles
1235 545 1376 578 turmoe
1404 537 1616 594 adferrent

166 614 253 656 eqs.
325 600 407 643 Au.
444 601 525 645 XV
564 602 638 653 16,
662 603 687 644 8
707 618 796 659 quoe
823 611 865 644 ut
893 605 1125 659 auqendoe
1153 599 1426 663 infamioe¹)
1456 618 1615 660 compo-

166 670 256 719 sita,
298 671 356 712 sic
397 670 554 727 reliqua
595 684 682 726 eqs.
749 669 833 713 An.
871 668 951 713 XV
989 670 1062 723 18,
1100 672 1129 713 4
1164 673 1264 729 quin
1293 680 1328 714 et
1366 672 1616 714 dissimu-

167 736 335 779 landis
364 752 498 780 rerum
527 745 756 780 exterarum
785 738 921 784 curis
950 737 1063 780 Nero
1080 738 1331 795 frumentum
1358 739 1492 795 plebis·
1510 745 1616 780 vetu-

167 810 264 848 state
290 812 528 861 corruptum
556 805 599 847 in
634 800 809 856 Tiberim
837 805 926 846 iecit
954 819 1039 859 eqs.
1092 805 1174 847 An.
1213 805 1294 848 XV
1330 806 1406 856 44,
1441 807 1468 848 9
1501 804 1617 861 Eryo

167 869 410 914 abolendo
444 874 638 913 rumori
676 871 788 914 Nero
817 871 997 913 subdidit
1025 887 1111 914 reos
1140 881 1174 914 et
1202 874 1493 928 quaesitissimis
1519 887 1616 928 poe-

168 938 232 979 nis
258 937 420 994 adfecit,
458 954 557 994 quos
586 952 674 993 eqs.
746 937 829 980 An.
867 936 948 980 XV
984 937 1060 989 48,
1104 939 1127 980 7
1162 938 1352 996 Namque
1369 939 1616 994 facundiam

168 1005 605 1047 tuendiaroivibus
642 1006 860 1059 exercebat,
891 1018 977 1060 eqs.
1047 1004 1130 1047 An.
1167 1005 1246 1048 XV
1284 1007 1360 1058 69,
1401 1007 1427 1048 8
1465 1006 1618 1049 Cuncta

167 1086 211 1111 eo
240 1073 305 1115 die
335 1074 474 1113 »numia
502 1073 672 1114 consulis
701 1073 934 1129 impleverat
963 1074 1259 1130 conviviumque
1273 1074 1503 1122 celebrabat,
1517 1072 1619 1114 nihil

169 1145 342 1181 'rectaene
371 1155 426 1181 an
455 1139 828 1181 dissimulendo
862 1147 1008 1190 'metm
1036 1155 1124 1181 cum
1153 1153 1241 1195 eqs.
1311 1138 1395 1182 An.
1431 1138 1535 1182 XVI
1574 1139 1614 1189 1,

170 1206 197 1246 9
228 1219 417 1261 quoeper
445 1214 600 1248 tantum
629 1211 704 1249 oevi
730 1207 878 1249 occulta
909 1208 1152 1263 auyendis
1175 1208 1438 1263 proesentibus
1467 1209 1616 1249 bonis.

170 1271 251 1313 An.
283 1270 386 1315 XVI
407 1273 449 1324 2,
473 1267 505 1314 5'
518 1274 668 1315 dantur
697 1275 878 1315 triv-emes
893 1281 928 1315 et
942 1273 1131 1314 delectum
1147 1275 1357 1329 remiyium
1386 1274 1619 1315 iuvandae

161 1335 566 1397 festinationi²).
625 1339 709 1382 An.
754 1337 857 1386 XVI
901 1340 944 1390 3,
985 1339 1009 1381 7
1048 1346 1339 1396 sequunturque
1381 1356 1461 1382 non
1504 1340 1619 1381 modo

170 1405 314 1448 milites
347 1407 418 1457 sed
447 1406 626 1465 populus
663 1408 880 1463 aya-estium
909 1407 1184 1464 efficiendo
1212 1408 1358 1464 operi
1385 1407 1620 1464 adsumptus

90 1500 95 1505 ·
170 1487 257 1528 eqs.
330 1472 414 1515 An.
451 1473 554 1517 XVI
595 1474 668 1525 13,
711 1474 769 1516 14
807 1474 964 1517 Eodem
1002 1489 1106 1515 anno
1146 1474 1311 1515 dilectus
1339 1489 1416 1531 per
1444 1473 1620 1517 Galliam

289 1541 415 1583 habiti
442 1549 534 1583 sunt
563 1542 869 1600 supplendis
899 1541 1077 1598 Illyricis
1106 1540 1387 1596 leyionibus
1415 1555 1502 1596 eqs.

272 1605 364 1650 Iam
400 1622 531 1663 quum
566 1608 621 1650 ad
655 1608 730 1650 hos
765 1609 874 1650 locos
903 1607 1220 1663 perlustrandos
1255 1607 1540 1663 aggredimur,
1578 1607 1619 1648 id

174 1675 357 1731 primum
392 1675 685 1719 annotandum
720 1680 786 1719 est
821 1689 871 1718 ex
904 1675 1099 1718 omnibus
1135 1674 1202 1717 his
1237 1674 1352 1727 loeis,
1389 1675 1435 1717 in
1469 1674 1622 1732 quibus

143 1740 147 1744 ’
173 1743 227 1785 ab
261 1757 341 1784 usu
375 1744 563 1798 priorum
580 1744 848 1799 'scriptorum
883 1742 1073 1786 recedere
1107 1742 1273 1784 videtur
1304 1741 1491 1793 Tacitus,
1520 1755 1623 1797 quo-

173 1824 268 1853 rum
303 1824 504 1854 numerus
549 1812 615 1854 est
647 1814 810 1867 septem
845 1812 889 1853 et
922 1810 1215 1866 septuaginta,
1251 1801 1384 1852 unum
1419 1824 1508 1853 esse
1543 1809 1622 1851 mi·

173 1892 324 1920 norum
370 1870 636 1934 scriptorum,
688 1880 848 1934 septem
894 1875 1195 1926 Historiarum,
1246 1877 1429 1933 triginta
1473 1876 1622 1931 prioris

172 1944 408 1989 Annalium
452 1945 602 2001 partis,
650 1943 1055 2001 undequadraginta
1096 1944 1337 2001 posterioris
1383 1946 1440 1996 et,
1485 1944 1520 1986 si
1555 1956 1624 1986 eos

173 2012 297 2064 locos,
346 2012 390 2055 in
437 2012 590 2068 quibus
636 2002 786 2055 insunt
839 2009 964 2054 verba
1009 2009 1220 2066 deligendi
1264 2010 1391 2053 eundi
1427 2009 1623 2053 mittendi

173 2093 350 2135 quaeque
395 2079 447 2122 iis
493 2081 595 2121 sunt
641 2078 810 2128 similia,
853 2076 1104 2128 o'mittimus,
1140 2077 1356 2120 universos
1390 2077 1500 2120 locos
1534 2091 1625 2120 esse

173 2149 261 2188 tres
297 2149 340 2189 et
364 2144 673 2202 quadraginta,
710 2159 733 2187 e
769 2142 921 2200 quibus
962 2157 1074 2200 unus
1108 2146 1174 2186 est
1208 2144 1418 2186 minorum
1447 2145 1625 2199 scripto-

175 2227 284 2264 rum,
320 2214 526 2269 quattuor
560 2210 861 2262 Historiarum,
898 2209 1135 2266 quindecim
1171 2211 1335 2267 prioris,
1372 2214 1460 2254 tres
1495 2215 1539 2254 et
1563 2211 1627 2253 vi-

174 2279 285 2337 ginti
305 2279 546 2335 posterioris
566 2279 702 2335 partis
722 2277 969 2323 Annalium.
1005 2276 1200 2334 Apparet
1216 2278 1351 2335 igitur
1365 2277 1564 2322 Tacitum
1582 2279 1627 2322 in

174 2348 252 2392 hoo
294 2361 376 2390 usu
423 2345 642 2390 dilatando
693 2345 994 2402 pedetemptim
1045 2358 1315 2402 progressum
1361 2360 1471 2398 esse,
1517 2346 1629 2403 quod

246 2479 276 2521 ¹)
299 2481 472 2513 Fortasse
495 2480 574 2512 haec
597 2480 710 2512 verba
733 2479 772 2511 in
794 2479 956 2521 genitivo
982 2489 1067 2511 casu
1090 2479 1213 2520 posita
1236 2480 1400 2521 putanda
1423 2483 1518 2513 sunt.

244 2535 275 2578 ²)
298 2536 477 2569 Videntur
512 2535 659 2577 quidem
693 2535 750 2567 11ae
785 2545 893 2568 voees
923 2534 1087 2567 iuvanda
1115 2536 1351 2576 festinationi
1375 2536 1423 2568 ad
1446 2538 1632 2578 posterius

177 2592 440 2627 enuntiationis
475 2592 673 2624 membrum
711 2591 914 2632 referendae
949 2600 1039 2631 esse,
1075 2593 1199 2624 tamen
1228 2602 1301 2625 non
1326 2602 1406 2625 eum
1430 2593 1632 2637 participio

176 2648 347 2681 delectum
380 2647 534 2691 propius
569 2646 838 2687 oonneotendae,
869 2646 935 2679 sed
960 2655 1039 2678 cum
1063 2648 1143 2679 tota
1167 2647 1426 2681 enuntiatione
1445 2649 1632 2684 artissime

147 2741 155 2750 ,
178 2703 439 2748 coniungendae
447 2713 461 2736 :-
492 2703 625 2736 dantur
660 2701 796 2737 delecti
831 2698 988 2747 remiges
1025 2712 1067 2738 eo
1098 2703 1263 2747 consilio,
1294 2706 1335 2737 ut
1363 2705 1557 2744 festinatio
1581 2707 1631 2744 iu.

175 2764 291 2794 vetur.
