2032 3286
455 214 478 248 2

410 339 581 380 prorsus
625 323 861 369 novaverit,
906 323 1085 378 denique
1128 337 1257 376 quam
1298 322 1384 363 late
1418 321 1551 363 dativi
1587 321 1743 370 finalis,
1791 322 1863 376 qui

410 392 580 440 dicitur,
618 402 720 431 usus
758 389 869 443 apud
904 404 999 430 eum
1035 392 1195 444 pateat.

509 456 621 499 Sunt
664 469 776 506 vero,
821 456 894 509 qui
929 456 1059 499 etiam
1096 457 1140 497 in
1177 455 1255 497 hac
1291 455 1488 509 syntaxis
1522 452 1705 495 Taciteae
1741 457 1864 508 parte

407 523 738 565 elaboraverint.
808 521 983 563 Summa
1026 522 1151 563 laude
1192 522 1348 576 dignus
1393 523 1458 561 est
1502 519 1749 575 Draeger,
1792 521 1865 574 qui

407 605 451 632 re
474 590 516 631 in
549 589 666 630 brevi
704 591 931 643 conspectu
947 589 1086 642 posita
1121 587 1322 638 docuerit,
1369 600 1461 641 quae
1494 585 1668 628 Tacitus
1687 586 1731 627 in
1750 587 1863 628 omni

406 656 691 711 grammatica
727 656 892 695 ratione
927 655 1110 696 maxime
1136 668 1213 695 sua
1232 654 1485 707 propriaque
1501 648 1679 694 habeat¹
1695 656 1724 706 ).
1786 652 1863 694 Sed

407 721 580 778 singula
617 721 759 775 capita
796 735 879 762 non
917 721 1123 776 copiosius
1149 719 1471 776 elegantiusque
1489 719 1730 774 exquisivit.
1781 717 1864 761 De-

405 790 503 831 inde
544 813 597 819 —
637 791 686 828 ut
721 787 770 827 de
807 787 901 828 aliis
937 787 1071 828 doctis
1106 787 1221 837 viris,
1265 787 1337 840 qui
1374 787 1417 827 in
1453 786 1633 841 singulis
1669 786 1863 840 partibus

403 854 653 897 elocutionis
701 856 744 894 et
789 853 987 907 syntaxis
1035 852 1217 895 Taciteae
1259 849 1361 895 ‘sunt
1395 853 1566 904 versati,
1604 866 1688 894 non
1725 853 1861 895 dicam

408 947 461 953 —
504 923 647 974 partes
685 920 906 972 quasdam,
955 934 1048 973 quae
1084 934 1179 960 cum
1214 934 1279 968 ea,
1324 934 1454 973 quam
1489 920 1556 961 hic
1591 919 1861 961 tractandam

400 987 521 1029 nobis
565 986 813 1041 delegimus,
873 985 1143 1042 aliquatenus
1184 985 1409 1036 cohaerent,
1461 988 1708 1065 tractarunt
1747 985 1862 1027 Zer-

399 1050 541 1095 nial²
548 1058 563 1109 )
599 1056 640 1093 et
676 1048 892 1107 Maue3).

500 1118 610 1161 Tum
658 1118 908 1161 nominandi
955 1121 1056 1160 sunt
1103 1118 1147 1163 ii.
1196 1118 1270 1174 qui
1319 1118 1370 1159 de
1417 1116 1497 1159 hac
1538 1117 1631 1172 ipsa
1666 1119 1862 1173 syntaxis

401 1187 546 1228 latinae
590 1185 804 1238 particula
846 1188 923 1226 aut
964 1179 1163 1227 universa
1200 1188 1276 1227 aut
1311 1184 1422 1238 apud
1459 1184 1650 1238 singulos
1685 1186 1862 1238 scripto-

399 1267 466 1294 res
514 1252 726 1307 copiosius
775 1254 968 1306 egerunt.
1043 1250 1106 1293 De
1142 1265 1189 1293 eo
1224 1251 1358 1293 dativi
1392 1261 1487 1299 usu,
1535 1251 1608 1305 qui
1643 1253 1687 1293 in
1725 1252 1860 1294 verbis

398 1336 510 1362 curoe
555 1335 651 1369 esse,
695 1320 867 1360 crimini
909 1320 1012 1360 dare
1041 1320 1310 1374 conspicitur,
1358 1331 1487 1372 quam
1523 1317 1610 1360 late
1644 1319 1688 1361 in
1724 1319 1860 1361 latina

401 1387 553 1442 lingua
589 1386 790 1426 universa
824 1385 996 1426 omnino
1031 1388 1182 1439 pateat
1216 1384 1452 1439 quibusque
1486 1384 1642 1426 finibus
1684 1385 1859 1426 circum-

398 1453 630 1501 scribatur,
680 1451 800 1492 docte
846 1451 1148 1506 eleganterque
1185 1450 1379 1504 quaesivit
1414 1446 1620 1508 Roby⁴).
1693 1450 1755 1492 De
1790 1466 1859 1494 ea-

400 1518 495 1559 dem
544 1520 635 1572 ipsa
683 1531 728 1557 re
775 1519 819 1557 in
867 1516 1144 1558 Ciceroniana
1185 1517 1418 1558 elocutione
1459 1518 1627 1570 copiosa.
1668 1518 1858 1559 oratione

399 1585 570 1626 disserit
604 1580 960 1640 Nielauder⁵).

506 1651 662 1692 Restat
699 1654 748 1690 ut
784 1651 929 1703 paucis
964 1664 1239 1704 exponamuS,
1277 1664 1405 1703 quam
1442 1650 1557 1691 viam
1583 1665 1632 1692 ac
1649 1651 1858 1693 rationem

403 1720 447 1760 in
493 1717 574 1759 hac
618 1716 848 1771 quaestione
892 1717 1076 1757 secuturi
1118 1716 1259 1757 simus.
1334 1714 1522 1757 Primum
1557 1716 1692 1772 igitur
1726 1717 1776 1759 de
1811 1731 1857 1758 eo

402 1785 539 1827 dativi
585 1783 741 1827 finalis.
791 1784 861 1835 qui
909 1783 1078 1831 dicitur,
1126 1796 1280 1838 genere
1327 1797 1517 1838 agemuS,
1564 1784 1674 1838 quod
1715 1785 1855 1826 minus

404 1854 504 1906 apte
548 1865 599 1891 ex
643 1853 789 1891 nostra
825 1850 991 1904 quidem
1030 1849 1245 1891 sententia
1280 1849 1356 1891 hoc
1390 1850 1562 1892 nomine
1601 1851 1854 1906 appellatur,

470 2004 498 2044 ¹)
522 2006 562 2036 A.
588 2006 806 2045 Draeger,
832 2004 952 2036 Ueber
976 2004 1114 2045 Syntax
1139 2005 1212 2036 und
1238 2005 1306 2036 Stil
1332 2006 1397 2037 des
1422 2006 1578 2038 Tacitus.
1611 2006 1745 2039 Zweite
1762 2007 1852 2038 Aufl.

375 2067 379 2072 ·
399 2061 547 2102 Leipzig
573 2061 669 2093 1874.

467 2112 496 2154 ²)
521 2115 562 2146 U.
588 2115 777 2154 Zernial,
813 2114 957 2147 Selecta
993 2116 1161 2157 quaedam
1198 2116 1322 2157 capita
1347 2126 1393 2149 ex
1417 2117 1580 2158 genetivi
1603 2126 1670 2149 usu
1694 2116 1852 2149 Tacit-‚eo-

398 2170 628 2202 Dissertatio.
677 2170 860 2210 Gottingae
887 2171 982 2202 1864.

463 2224 492 2263 ³)
521 2226 563 2256 H.
591 2225 627 2256 C.
652 2225 783 2264 Mane,
819 2226 872 2256 De
909 2226 1183 2266 praepositionis
1220 2227 1288 2257 ’ad’
1327 2236 1393 2257 usu
1425 2227 1586 2258 Taciteo.
1622 2227 1851 2260 Dissertatio.

395 2280 743 2313 Moenofrancofurti
769 2281 866 2313 1870.

462 2336 493 2375 ⁴)
518 2337 561 2368 Η.
586 2337 617 2368 J.
642 2337 773 2377 Roby‚
811 2338 840 2368 A
866 2339 1055 2369 Grammar
1091 2338 1129 2369 of
1165 2338 1228 2368 the
1260 2338 1353 2369 latin
1383 2338 1562 2379 language
1586 2339 1678 2372 from
1703 2341 1851 2373 Plautus

395 2394 432 2423 to
458 2392 661 2424 Suetonius.
687 2393 731 2424 ΙΙ.
757 2392 900 2424 Second
924 2392 1078 2424 edition.
1116 2392 1270 2425 London
1284 2392 1380 2425 1875.
1416 2393 1577 2436 Prehee,
1600 2402 1851 2438 p.xxv-LV1.

466 2448 494 2488 ⁵)
518 2450 551 2481 N
560 2449 780 2488 ielander,
805 2450 879 2481 Der
895 2449 1064 2481 saetitive
1089 2450 1244 2482 Dativus
1269 2450 1307 2481 in
1332 2450 1404 2482 den
1421 2450 1704 2485 Ciceronischen
1717 2453 1851 2485 Schrif-

397 2508 471 2537 ten.
497 2505 714 2546 Programm.
762 2504 985 2536 Krotoschin
1024 2505 1119 2536 1874.
1174 2506 1228 2536 Ex
1264 2506 1502 2539 annotatione
1528 2508 1683 2549 quadam
1708 2518 1730 2541 a
1753 2509 1850 2541 Ruh-

393 2570 491 2600 nero,
528 2560 787 2593 Ausftihrliche
818 2561 1044 2593 Grammatik
1081 2561 1147 2594 der
1182 2562 1442 2595 Lateinischen
1478 2563 1649 2605 Sprache.
1696 2565 1851 2598 zweiter

396 2616 509 2646 Band.
547 2616 743 2648 Hannover
768 2616 866 2652 1878,
890 2626 924 2656 p.
950 2617 1026 2657 252,
1062 2617 1163 2648 facta
1188 2618 1340 2658 cognovi
1376 2618 1531 2650 eundem
1556 2620 1671 2651 virum
1696 2621 1849 2652 alteram

394 2671 523 2702 harum
551 2672 790 2711 quaestionum
814 2675 954 2713 partem
974 2682 1090 2714 nuper
1109 2673 1285 2713 emisisse,
1306 2683 1412 2714 quam
1433 2675 1558 2708 videre
1577 2675 1667 2707 mihi
1678 2686 1751 2708 non
1765 2686 1846 2709 con-

391 2727 491 2768 tigit.
