2032 3286
1523 235 1569 269 11

181 339 271 398 neri
310 340 355 381 in
391 341 526 383 altera
562 346 683 396 parte
724 342 920 395 dicemus,
958 358 1090 399 quum
1130 346 1215 386 veri
1252 347 1431 389 similius
1467 348 1523 389 sit
1560 361 1629 389 eos
1661 356 1666 361 '

176 423 251 466 pro
288 408 394 449 veris
430 409 584 453 dativis
628 409 840 461 finalibus,
888 426 971 454 non
1008 426 1082 467 pro
1126 412 1280 455 dativis
1325 415 1518 464 effectus,
1560 428 1629 456 ac-

175 476 386 533 cipiendos
420 491 522 519 esse.

275 542 430 586 Omnes
474 543 549 585 hos
586 544 749 586 dat-ivos
785 546 1012 587 secundum
1049 548 1188 589 varias
1224 562 1370 589 earum
1413 549 1628 603 significa-

172 612 309 652 tiones
345 609 389 650 in
426 612 563 651 certas
600 611 752 652 classes
787 612 1036 654 distribuere
1071 614 1222 668 placet.
1262 629 1314 655 ne
1352 615 1490 663 verba,
1529 630 1620 669 quae

177 676 389 718 artissime
432 677 545 717 inter
580 691 623 718 se
658 678 908 728 cohaereant,
947 680 1229 734 seiungantur
1264 684 1306 721 et
1342 695 1423 734 quo
1460 681 1623 722 facilius

172 758 297 785 usum
333 742 549 785 Taciteum
586 758 898 799 cognoscamus.

176 897 211 936 1.
273 894 331 940 Do
362 895 506 939 dativo
549 895 743 941 effectus
782 898 1008 943 coniuncto
1039 910 1135 943 cum
1166 900 1301 960 verbo
1332 900 1621 945 substantivo.

277 1000 560 1054 Praeponimus
598 1002 773 1043 indicem
810 1017 955 1044 vocum
993 1004 1269 1058 locorumque.

225 1115 279 1158 A.
350 1113 472 1155 Esse
517 1114 679 1155 alicui
720 1114 933 1164 solacio,
977 1129 1119 1164 curae,
1164 1116 1322 1166 cordi,
1374 1116 1566 1170 pudori,

598 1181 789 1230 rubori,
834 1182 1187 1234 poenitentiae.

273 1271 421 1313 Tacito
470 1286 564 1312 cum
610 1272 891 1325 superioribus
936 1271 1208 1325 scriptoribus
1245 1274 1482 1314 communia
1517 1276 1618 1314 sunt

179 1338 264 1380 haec
298 1338 429 1380 dicta:

275 1406 484 1448 Solacio
515 1406 682 1447 alicui
711 1421 829 1447 esse.
898 1405 988 1446 Hoc
1031 1405 1188 1446 dictum
1238 1421 1263 1447 a
1307 1406 1502 1448 Cicerone
1538 1406 1624 1448 (3ae-

175 1487 269 1513 sare
318 1472 435 1513 Livio
483 1472 576 1513 aliis
622 1475 876 1526 usurpatum
923 1471 1173 1514 invenimus,
1257 1473 1381 1527 Apud
1430 1473 1624 1514 Tacitum

177 1538 355 1593 legimus
391 1537 443 1579 D.
487 1539 560 1587 15,
605 1539 660 1579 13
705 1539 764 1580 Et
800 1540 911 1594 quod
949 1538 1259 1595 quibusdam
1298 1540 1495 1581 solacio
1533 1548 1624 1589 est,

173 1606 279 1647 mihi
324 1613 444 1660 auyet
489 1608 764 1661 quaestionem,
804 1607 905 1661 quia
940 1607 1059 1648 video
1089 1607 1214 1646 etiam
1246 1605 1393 1648 Graiis
1424 1608 1625 1648 accidisse

173 1686 260 1726 eqs.
307 1671 361 1713 H.
402 1671 464 1713 IV
503 1674 544 1722 3,
586 1672 610 1713 8
648 1672 863 1715 Solacio
894 1673 1011 1730 fuit
1040 1687 1292 1717 servus....
1318 1673 1512 1729 patibulo
1544 1675 1623 1715 ad-

163 1740 282 1797 fixus
312 1753 399 1792 eqs.

276 1807 415 1849 Curae
445 1807 607 1848 alicui
637 1822 750 1849 esse.
815 1807 1071 1862 Pervulgata
1107 1807 1194 1847 haec
1230 1809 1331 1847 sunt
1367 1807 1492 1848 verba
1529 1807 1623 1848 inde

173 1888 197 1913 a
251 1873 403 1914 Plauto
454 1876 497 1914 et
548 1873 758 1921 Terentio,
810 1874 1037 1928 saepissime
1084 1890 1108 1915 a
1150 1873 1345 1914 Cicerone
1390 1880 1432 1914 et
1476 1873 1623 1915 Ovidio

170 1942 378 1994 usurpata
414 1953 549 1993 neque
585 1941 638 1981 ab
673 1941 767 1981 aliis
803 1941 1037 1995 repudiata.
1108 1940 1296 1993 Persaepe
1344 1941 1503 1981 accedit
1549 1940 1623 1981 ad-

171 2006 382 2056 iecbivum,
420 2007 528 2060 quod
556 2009 621 2048 est
639 2022 812 2062 maqnoe,
842 2009 1008 2056 maiori,
1039 2015 1162 2048 tantoe
1191 2007 1283 2047 sim.
1338 2005 1511 2047 Tacitus
1535 2006 1621 2048 haec

172 2072 363 2126 exempla
398 2072 569 2127 praebet.
621 2071 675 2113 H.
716 2072 748 2122 Ι,
789 2074 830 2121 3,
874 2073 926 2113 11
968 2087 1040 2114 nec
1069 2074 1178 2114 enim
1208 2087 1404 2128 umquam
1435 2073 1616 2114 atrocio-

172 2141 290 2181 ribus
321 2140 477 2196 populi
513 2140 700 2181 Romani
737 2140 927 2181 cladibus
954 2173 962 2180 .
993 2171 1001 2179 .
1036 2172 1045 2181 .
1075 2172 1084 2180 .
1124 2140 1403 2196 adprobatum
1444 2148 1502 2180 est
1539 2155 1620 2181 non

171 2221 278 2247 esse
309 2222 438 2248 curoe
468 2208 580 2248 deis
609 2208 868 2248 securitatem
897 2215 1095 2255 nostram,
1128 2221 1211 2247 esse
1239 2202 1447 2247 ustionem.
1485 2206 1568 2246 An.
1595 2206 1614 2246 1

174 2274 253 2323 73,
282 2274 336 2315 17
365 2275 441 2315 Ius
471 2276 698 2315 iurandum
721 2275 900 2330 perinde
929 2275 1218 2315 aestimandum
1248 2288 1373 2329 quam
1408 2274 1446 2314 si
1481 2274 1621 2314 Iovem

162 2340 412 2397 fefellisset:
462 2343 633 2382 deorum
679 2343 862 2382 iniurias
907 2342 986 2382 dis
1033 2355 1172 2381 curoe.
1238 2339 1322 2381 An.
1360 2339 1436 2389 VI,
1475 2341 1550 2388 22,
1592 2342 1617 2381 6

176 2407 342 2464 Quippe
386 2410 716 2465 sapientissimos
759 2416 938 2450 veterum
962 2440 972 2449 .
994 2433 1006 2449 ».
1032 2440 1042 2449 .
1069 2440 1079 2449 .
1111 2409 1294 2449 diversos
1331 2408 1528 2463 reperias,
1573 2423 1622 2449 ac

172 2474 316 2515 multis
345 2477 516 2516 insitam
546 2477 782 2531 opinionem
813 2491 894 2517 non
924 2477 1050 2516 initia
1079 2476 1225 2524 nostri,
1255 2490 1336 2516 non
1356 2475 1508 2532 finem,
1539 2490 1621 2516 non

176 2542 352 2597 denique
388 2543 572 2584 homines
610 2544 693 2583 dis
731 2558 885 2591 curae3
914 2557 1000 2596 eqs.
1071 2543 1156 2584 An.
1194 2541 1277 2583 XII
1314 2542 1389 2590 48,
1430 2542 1456 2581 3
1492 2557 1622 2596 pau-

171 2608 250 2648 cis
279 2609 403 2649 decus
425 2608 646 2665 publicum
678 2624 822 2658 curoe,
848 2609 994 2665 plures
1024 2616 1113 2650 tuta
1143 2610 1362 2649 disserunt.

267 2675 426 2717 Cordi
462 2675 628 2716 alicui
668 2690 783 2719 esse.
842 2672 933 2717 Hoc
968 2675 1128 2716 dicendi
1164 2689 1299 2730 genus
1342 2675 1546 2728 proximo,
1585 2677 1620 2717 si

172 2740 522 2795 significationem
566 2742 824 2796 respicimus,
871 2741 1132 2783 simillimum
1175 2756 1199 2782 a
1236 2740 1387 2782 Plauto
1423 2741 1619 2784 Terentio
