2032 3286
1628 216 1677 250 27

287 326 423 367 sedem
454 324 556 367 bello
586 326 761 382 leyisset.
821 324 876 366 H.
907 325 969 368 IV
997 328 1074 376 69,
1108 326 1164 369 10
1202 342 1324 383 quam
1347 359 1356 368 .
1378 359 1389 370 .
1410 359 1420 368 .
1444 359 1453 368 .
1491 330 1625 370 sedem
1657 329 1739 370 im-

281 393 405 450 perio
435 392 623 447 leyerent.
682 392 764 434 An.
803 391 906 435 XIV
942 394 1018 445 33,
1058 394 1086 435 4
1125 409 1180 435 an
1210 394 1327 436 illam
1364 396 1499 436 sedem
1531 394 1632 437 bello
1663 397 1738 437 de-

286 460 440 515 liyeret.

381 540 423 582 b.
477 536 582 580 Cum
601 537 895 589 locutionibus,
922 538 1068 599 quales
1092 541 1195 580 sunt
1230 538 1377 590 diem,
1416 541 1616 593 tempus
1652 538 1736 581 de-

282 605 461 660 ligere,
500 605 567 646 hic
603 605 772 647 dativus
808 605 1088 647 connectitur.
1147 605 1203 647 H.
1243 605 1308 647 III
1349 606 1423 657 12,
1463 607 1489 647 6
1529 622 1611 648 noa'
1634 622 1737 663 pro-

280 673 435 714 ditioni
463 672 598 714 electa.
662 670 746 713 An.
784 671 887 714 XVI
923 673 999 722 23,
1034 673 1059 714 8
1099 680 1259 730 tempus
1297 674 1561 715 damnationi
1599 673 1735 715 delec-

194 743 208 754 ‘
279 747 379 780 tum.
438 739 566 781 Locos
603 739 686 780 An.
724 738 808 780 XII
845 740 921 789 46,
963 740 1020 781 18
1057 742 1101 782 et
1135 740 1220 782 An.
1258 739 1338 781 XV
1368 741 1444 790 28,
1479 741 1505 781 5
1545 741 1630 782 iam
1667 754 1737 781 su-

279 819 357 860 pra
392 806 606 860 exscripsi.

379 897 419 929 e.
473 884 538 926 Ex
573 885 710 926 verbis
745 885 954 941 signum
990 885 1108 927 dare
1144 885 1296 939 pendet
1331 885 1399 927 hie
1443 885 1611 927 dativus
1647 885 1732 928 An.

277 950 359 993 XV
392 940 473 1003 ‘36,
503 946 574 993 '14
612 953 730 994 daret
754 967 907 1008 puynae
944 953 1109 1008 siynum
1147 952 1174 993 i.
1214 967 1248 994 e.
1289 952 1410 995 daret
1453 954 1638 1008 signum,
1685 955 1733 994 ut

278 1032 470 1074 pugnam
505 1022 791 1068 consererent3
826 1019 880 1060 ef.
918 1018 973 1060 H.
1011 1018 1077 1060 III
1112 1019 1185 1070 16,
1228 1020 1301 1061 11.
1361 1019 1469 1060 Tum
1505 1020 1586 1061 hue
1622 1019 1732 1061 refe·

279 1084 456 1127 rendum
492 1085 658 1128 videtur
692 1085 916 1141 vulgatum
950 1085 1055 1127 illud
1096 1087 1334 1141 receptui
1370 1101 1575 1136 canere,
1621 1086 1731 1140 quod

276 1154 343 1193 est
378 1151 433 1193 H.
472 1152 515 1194 II
553 1154 628 1203 26,
671 1152 727 1193 12
776 1153 958 1209 receptui
987 1153 1208 1202 cecinisset,
1245 1166 1374 1206 quum
1411 1153 1488 1195 hoe
1530 1153 1639 1194 idem
1675 1154 1732 1195 sit

277 1219 386 1274 quod
425 1217 621 1274 'recepssui
657 1219 828 1274 signum
863 1216 989 1261 dare'.

379 1297 575 1340 Diximus
627 1296 692 1339 his
745 1297 901 1339 dativis
952 1310 1040 1338 rem
1093 1297 1302 1352 agendam
1338 1297 1586 1352 significari.
1661 1301 1727 1340 ita

278 1365 391 1406 enim
444 1364 640 1406 videntur
691 1363 778 1406 haec
831 1363 944 1405 dieta
998 1363 1239 1418 accipienda
1289 1378 1392 1414 esse,
1439 1367 1488 1405 ut
1532 1368 1731 1419 putemus

278 1433 414 1474 locum
444 1433 594 1473 castris
623 1446 770 1488 capere
799 1430 909 1472 idem
944 1444 1033 1472 esse
1070 1430 1180 1484 quod
1216 1428 1365 1472 'locum
1383 1445 1547 1485 capere,
1586 1432 1630 1473 in
1648 1446 1732 1486 quo

278 1501 420 1540 eastra
455 1497 564 1539 fiant
599 1498 663 1540 vel
699 1497 871 1539 consilio
906 1495 1088 1539 faciendi
1123 1495 1292 1547 eastra',
1338 1492 1497 1554 tempus
1528 1498 1733 1554 colloquio

274 1565 455 1620 deliyere
497 1564 606 1605 idem
658 1567 787 1618 atque
840 1562 884 1605 '‘c.
936 1563 994 1614 d.,
1055 1577 1139 1618 quo
1191 1563 1444 1618 colloquium
1491 1563 1729 1616 habeat-ur',

274 1633 442 1687 siynum
477 1632 660 1687 receptui
697 1632 798 1672 dare
835 1630 943 1671 idem
979 1630 1089 1684 quod
1124 1628 1169 1671 's.
1208 1630 1264 1680 d.‚
1309 1634 1358 1672 ut
1407 1636 1600 1685 receptus
1635 1631 1726 1680 fiat,

276 1702 326 1739 ut
361 1712 406 1739 se
439 1695 673 1752 recipiant'.

375 1787 419 1830 d.
484 1784 652 1834 Restat,
699 1788 749 1827 ut
790 1785 978 1828 dicamus
1020 1785 1071 1828 de
1106 1785 1385 1827 locutionibus
1422 1785 1556 1827 dono
1591 1786 1728 1837 dare,

276 1867 405 1894 veno
439 1853 564 1894 dare
601 1852 694 1893 sim.
730 1868 732 1871 ·
766 1852 954 1894 Primum
989 1852 1098 1893 locos
1135 1855 1391 1894 annotamus
1427 1852 1482 1893 H.
1510 1852 1530 1894 I
1561 1853 1636 1901 24,
1672 1854 1727 1894 10

273 1935 521 1975 aymmsua
550 1921 720 1975 pecunia
749 1927 927 1976 emptum
956 1921 1082 1961 dono
1112 1920 1326 1960 dederit.
1369 1917 1424 1959 H.
1446 1918 1466 1959 I
1489 1919 1564 1968 78,
1587 1919 1614 1959 4
1627 1935 1731 1975 pro-

237 2034 240 2036 ,
275 1989 414 2028 vinciae
455 1987 619 2028 Baeticoe
658 1987 904 2027 Maurorum
948 1988 1125 2027 civitates
1159 1987 1281 2026 dono
1319 1987 1469 2026 dedit.
1527 1984 1611 2027 An.
1649 1985 1730 2027 XV

275 2053 353 2104 55,
396 2053 450 2095 11
490 2053 683 2109 pecunias
729 2060 764 2094 et
807 2052 1008 2094 libertates
1044 2052 1168 2094 servis
1204 2059 1240 2092 et
1277 2059 1368 2093 ante
1405 2053 1532 2093 dono
1570 2054 1728 2104 datae.

275 2120 359 2161 An.
399 2120 479 2161 XV
517 2120 593 2168 27,
633 2120 658 2160 8
696 2135 864 2174 reynum
893 2121 1020 2160 dono
1048 2121 1296 2174 accipere.
1380 2118 1430 2159 G.
1471 2119 1514 2161 5.
1556 2120 1612 2160 12
1656 2136 1730 2159 ar·-

270 2195 413 2245 9entea
442 2203 538 2229 vasa
569 2186 708 2242 legatis
736 2193 771 2228 et
796 2185 1051 2242 principibus
1079 2199 1215 2227 eornm
1245 2187 1440 2226 muneri
1468 2187 1597 2227 data.
1643 2195 1726 2228 An.

276 2254 379 2295 XIV
418 2255 494 2303 31,
536 2254 558 2294 7
599 2255 718 2308 qua-si
748 2261 928 2293 cunctam
951 2254 1152 2308 reqiouem
1180 2256 1377 2293 muneri
1406 2255 1727 2307 accepissent.

278 2319 361 2362 An.
399 2319 461 2363 IV
502 2321 542 2371 1,
585 2320 639 2361 11
680 2319 940 2376 Apicio....
970 2326 1153 2375 stuprum
1197 2333 1316 2361 veno
1353 2319 1570 2360 dedisse.
1643 2318 1726 2360 An.

277 2387 386 2428 XIII
425 2389 500 2438 51,
541 2389 566 2428 6
606 2387 797 2427 militibus
826 2388 1061 2427 immunitas
1091 2394 1327 2428 servaretur.
1363 2387 1443 2426 wisi
1471 2387 1513 2426 in
1543 2388 1609 2429 iis.
1641 2402 1730 2441 quoe

275 2470 393 2498 veno
423 2461 722 2498 exercerent.
789 2452 873 2494 An.
911 2451 1015 2495 XIV
1054 2452 1128 2502 15,
1170 2452 1194 2494 8
1233 2457 1398 2509 posita
1436 2466 1553 2493 veno
1584 2454 1729 2494 inrita-

272 2530 402 2564 menta
433 2522 558 2564 luxui.

377 2599 466 2650 Quo
503 2598 622 2640 modo
665 2598 729 2639 hae
773 2598 1003 2640 locutiones
1045 2600 1161 2647 dono,
1206 2599 1361 2639 numeri
1390 2599 1502 2646 dare,
1549 2600 1729 2655 accipere

277 2665 604 2721 interpretandae
638 2665 740 2715 sint,
778 2664 965 2707 dubitari
1000 2667 1153 2719 potest.
1225 2663 1433 2713 Diximus,
1478 2664 1633 2719 quibus
1676 2680 1727 2707 ex

277 2733 416 2775 causis
452 2746 546 2775 cum
582 2731 736 2774 dativis
773 2730 949 2774 effeetus
985 2745 1067 2774 non
1104 2730 1399 2772 connect-endae
1428 2744 1519 2773 esse
1557 2731 1725 2773 videau-
