<?xml version="1.0" encoding="UTF-8"?>
<!DOCTYPE html PUBLIC "-//W3C//DTD XHTML 1.0 Transitional//EN"
    "http://www.w3.org/TR/xhtml1/DTD/xhtml1-transitional.dtd">
<html xmlns="http://www.w3.org/1999/xhtml" xml:lang="en" lang="en">
 <head>
  <title>
</title>
<meta http-equiv="Content-Type" content="text/html;charset=utf-8" />
  <meta name='ocr-system' content='tesseract 3.04.00' />
  <meta name='ocr-capabilities' content='ocr_page ocr_carea ocr_par ocr_line ocrx_word'/>
</head>
<body>
  <div class='ocr_page' id='page_1' title='image "./4626127_0061.png"; bbox 0 0 2032 3286; ppageno 0'>
   <div class='ocr_carea' id='block_1_1' title="bbox 1558 214 1612 250">
    <p class='ocr_par' dir='ltr' id='par_1_1' title="bbox 1558 214 1612 250">
     <span class='ocr_line' id='line_1_1' title="bbox 1558 214 1612 250; baseline -0.019 0"><span class='ocrx_word' id='word_1_1' title='bbox 1558 214 1612 250; x_wconf 76' lang='lat'><strong>43</strong></span> 
     </span>
    </p>
   </div>
   <div class='ocr_carea' id='block_1_2' title="bbox 160 328 1701 1864">
    <p class='ocr_par' dir='ltr' id='par_1_2' title="bbox 160 328 1701 1864">
     <span class='ocr_line' id='line_1_2' title="bbox 313 328 1670 386; baseline -0.003 -13"><span class='ocrx_word' id='word_1_2' title='bbox 313 328 559 386; x_wconf 75' lang='lat' dir='ltr'><strong>Antequam</strong></span> <span class='ocrx_word' id='word_1_3' title='bbox 593 329 647 374; x_wconf 90' lang='lat' dir='ltr'><strong>ad</strong></span> <span class='ocrx_word' id='word_1_4' title='bbox 681 329 757 372; x_wconf 86' lang='lat' dir='ltr'><strong>hos</strong></span> <span class='ocrx_word' id='word_1_5' title='bbox 775 329 885 371; x_wconf 87' lang='lat' dir='ltr'><strong>locos</strong></span> <span class='ocrx_word' id='word_1_6' title='bbox 901 329 1205 376; x_wconf 85' lang='lat' dir='ltr'><strong>examinandos</strong></span> <span class='ocrx_word' id='word_1_7' title='bbox 1225 330 1511 380; x_wconf 81' lang='lat' dir='ltr'><strong>transeamus,</strong></span> <span class='ocrx_word' id='word_1_8' title='bbox 1531 341 1670 384; x_wconf 84' lang='lat' dir='ltr'><strong>pauca</strong></span> 
     </span>
     <span class='ocr_line' id='line_1_3' title="bbox 217 395 1668 451; baseline 0 -13"><span class='ocrx_word' id='word_1_9' title='bbox 217 398 499 451; x_wconf 66' lang='lat' dir='ltr'><strong>praeponimus</strong></span> <span class='ocrx_word' id='word_1_10' title='bbox 531 397 583 439; x_wconf 92' lang='lat' dir='ltr'><strong>de</strong></span> <span class='ocrx_word' id='word_1_11' title='bbox 617 397 668 440; x_wconf 85' lang='lat' dir='ltr'><strong>iis</strong></span> <span class='ocrx_word' id='word_1_12' title='bbox 705 395 997 445; x_wconf 85' lang='lat' dir='ltr'><strong>locutionibus,</strong></span> <span class='ocrx_word' id='word_1_13' title='bbox 1016 397 1079 438; x_wconf 60' lang='lat' dir='ltr'><strong>*in</strong></span> <span class='ocrx_word' id='word_1_14' title='bbox 1103 396 1258 451; x_wconf 85' lang='lat' dir='ltr'><strong>quibus</strong></span> <span class='ocrx_word' id='word_1_15' title='bbox 1278 396 1333 439; x_wconf 88' lang='lat' dir='ltr'><strong>ab</strong></span> <span class='ocrx_word' id='word_1_16' title='bbox 1348 396 1522 450; x_wconf 86' lang='lat' dir='ltr'><strong>optimis</strong></span> <span class='ocrx_word' id='word_1_17' title='bbox 1537 395 1668 451; x_wconf 84' lang='lat' dir='ltr'><strong>scrip-</strong></span> 
     </span>
     <span class='ocr_line' id='line_1_4' title="bbox 216 461 1670 520; baseline -0.001 -13"><span class='ocrx_word' id='word_1_18' title='bbox 216 462 377 507; x_wconf 73' lang='lat' dir='ltr'><strong>toribus</strong></span> <span class='ocrx_word' id='word_1_19' title='bbox 419 463 551 509; x_wconf 83' lang='lat' dir='ltr'><strong>dativi</strong></span> <span class='ocrx_word' id='word_1_20' title='bbox 594 463 778 508; x_wconf 83' lang='lat' dir='ltr'><strong>nominis</strong></span> <span class='ocrx_word' id='word_1_21' title='bbox 811 461 1117 520; x_wconf 80' lang='lat' dir='ltr'><strong>gerundivique</strong></span> <span class='ocrx_word' id='word_1_22' title='bbox 1151 463 1392 506; x_wconf 84' lang='lat' dir='ltr'>nominibus</span> <span class='ocrx_word' id='word_1_23' title='bbox 1428 461 1670 507; x_wconf 85' lang='lat' dir='ltr'><strong>substanti-</strong></span> 
     </span>
     <span class='ocr_line' id='line_1_5' title="bbox 220 530 1669 588; baseline 0.001 -16"><span class='ocrx_word' id='word_1_24' title='bbox 220 530 279 573; x_wconf 83' lang='lat' dir='ltr'><strong>vis</strong></span> <span class='ocrx_word' id='word_1_25' title='bbox 325 531 659 588; x_wconf 82' lang='lat' dir='ltr'><strong>subiunguntur.</strong></span> <span class='ocrx_word' id='word_1_26' title='bbox 728 530 838 573; x_wconf 85' lang='lat' dir='ltr'><strong>Sunt</strong></span> <span class='ocrx_word' id='word_1_27' title='bbox 883 534 1026 572; x_wconf 86' lang='lat' dir='ltr'><strong>autem</strong></span> <span class='ocrx_word' id='word_1_28' title='bbox 1060 530 1134 573; x_wconf 89' lang='lat' dir='ltr'><strong>illa</strong></span> <span class='ocrx_word' id='word_1_29' title='bbox 1179 531 1351 573; x_wconf 88' lang='lat' dir='ltr'><strong>nomina</strong></span> <span class='ocrx_word' id='word_1_30' title='bbox 1391 531 1512 573; x_wconf 91' lang='lat' dir='ltr'><strong>modo</strong></span> <span class='ocrx_word' id='word_1_31' title='bbox 1547 544 1669 573; x_wconf 87' lang='lat' dir='ltr'><strong>voca-</strong></span> 
     </span>
     <span class='ocr_line' id='line_1_6' title="bbox 217 597 1669 657; baseline -0.001 -17"><span class='ocrx_word' id='word_1_32' title='bbox 217 597 316 643; x_wconf 83' lang='lat' dir='ltr'><strong>bula</strong></span> <span class='ocrx_word' id='word_1_33' title='bbox 350 601 393 642; x_wconf 86' lang='lat' dir='ltr'><strong>et</strong></span> <span class='ocrx_word' id='word_1_34' title='bbox 426 598 763 656; x_wconf 71' lang='lat' dir='ltr'><strong>magistratuum</strong></span> <span class='ocrx_word' id='word_1_35' title='bbox 797 599 842 639; x_wconf 86' lang='lat' dir='ltr'><strong>et</strong></span> <span class='ocrx_word' id='word_1_36' title='bbox 874 597 1074 653; x_wconf 86' lang='lat' dir='ltr'><strong>temporis</strong></span> <span class='ocrx_word' id='word_1_37' title='bbox 1101 598 1218 649; x_wconf 74' lang='lat' dir='ltr'><strong>(dies,</strong></span> <span class='ocrx_word' id='word_1_38' title='bbox 1237 599 1380 657; x_wconf 84' lang='lat' dir='ltr'><strong>ferioe)</strong></span> <span class='ocrx_word' id='word_1_39' title='bbox 1411 598 1532 640; x_wconf 91' lang='lat' dir='ltr'><strong>modo</strong></span> <span class='ocrx_word' id='word_1_40' title='bbox 1552 611 1669 640; x_wconf 83' lang='lat' dir='ltr'><strong>voces</strong></span> 
     </span>
     <span class='ocr_line' id='line_1_7' title="bbox 217 664 1670 721; baseline -0.001 -14"><span class='ocrx_word' id='word_1_41' title='bbox 217 665 480 708; x_wconf 80' lang='lat' dir='ltr'><strong>comitiorum</strong></span> <span class='ocrx_word' id='word_1_42' title='bbox 514 665 624 721; x_wconf 75' lang='lat' dir='ltr'><strong>legis·</strong></span> <span class='ocrx_word' id='word_1_43' title='bbox 657 665 712 707; x_wconf 86' lang='lat' dir='ltr'><strong>al.</strong></span> <span class='ocrx_word' id='word_1_44' title='bbox 750 664 817 707; x_wconf 90' lang='lat' dir='ltr'><strong>Ad</strong></span> <span class='ocrx_word' id='word_1_45' title='bbox 853 664 1173 719; x_wconf 83' lang='lat' dir='ltr'><strong>interpretanda</strong></span> <span class='ocrx_word' id='word_1_46' title='bbox 1197 665 1326 708; x_wconf 84' lang='lat' dir='ltr'><strong>verba</strong></span> <span class='ocrx_word' id='word_1_47' title='bbox 1343 667 1557 711; x_wconf 72' lang='lat' dir='ltr'><strong>decemviri</strong></span> <span class='ocrx_word' id='word_1_48' title='bbox 1570 666 1670 720; x_wconf 72' lang='lat' dir='ltr'><strong>leyi-</strong></span> 
     </span>
     <span class='ocr_line' id='line_1_8' title="bbox 217 730 1670 790; baseline 0 -16"><span class='ocrx_word' id='word_1_49' title='bbox 217 732 289 776; x_wconf 71' lang='lat' dir='ltr'><strong>buc</strong></span> <span class='ocrx_word' id='word_1_50' title='bbox 318 734 539 777; x_wconf 69' lang='lat' dir='ltr'><strong><em>scribendis</em></strong></span> <span class='ocrx_word' id='word_1_51' title='bbox 576 746 659 776; x_wconf 91' lang='lat' dir='ltr'><strong>non</strong></span> <span class='ocrx_word' id='word_1_52' title='bbox 697 731 824 776; x_wconf 87' lang='lat' dir='ltr'><strong>simul</strong></span> <span class='ocrx_word' id='word_1_53' title='bbox 859 730 1111 776; x_wconf 84' lang='lat' dir='ltr'><strong>audiendum</strong></span> <span class='ocrx_word' id='word_1_54' title='bbox 1144 734 1211 790; x_wconf 83' lang='lat' dir='ltr'><strong>est</strong></span> <span class='ocrx_word' id='word_1_55' title='bbox 1245 732 1516 789; x_wconf 75' lang='lat' dir='ltr'><strong>participium</strong></span> <span class='ocrx_word' id='word_1_56' title='bbox 1553 731 1670 775; x_wconf 85' lang='lat' dir='ltr'><strong>verbi</strong></span> 
     </span>
     <span class='ocr_line' id='line_1_9' title="bbox 215 799 1667 856; baseline 0 -15"><span class='ocrx_word' id='word_1_57' title='bbox 215 799 439 856; x_wconf 80' lang='lat' dir='ltr'><strong>deligendi,</strong></span> <span class='ocrx_word' id='word_1_58' title='bbox 475 800 586 856; x_wconf 87' lang='lat' dir='ltr'><strong>quod</strong></span> <span class='ocrx_word' id='word_1_59' title='bbox 611 803 676 842; x_wconf 88' lang='lat' dir='ltr'><strong>est</strong></span> <span class='ocrx_word' id='word_1_60' title='bbox 694 800 844 847; x_wconf 74' lang='lat' dir='ltr'><strong>delecti,</strong></span> <span class='ocrx_word' id='word_1_61' title='bbox 863 813 991 853; x_wconf 89' lang='lat' dir='ltr'><strong>quum</strong></span> <span class='ocrx_word' id='word_1_62' title='bbox 1011 800 1184 843; x_wconf 88' lang='lat' dir='ltr'><strong>verbum</strong></span> <span class='ocrx_word' id='word_1_63' title='bbox 1201 800 1412 855; x_wconf 83' lang='lat' dir='ltr'><strong>deligendi</strong></span> <span class='ocrx_word' id='word_1_64' title='bbox 1430 801 1473 842; x_wconf 91' lang='lat' dir='ltr'><strong>in</strong></span> <span class='ocrx_word' id='word_1_65' title='bbox 1495 801 1572 842; x_wconf 89' lang='lat' dir='ltr'><strong>hoc</strong></span> <span class='ocrx_word' id='word_1_66' title='bbox 1588 814 1667 841; x_wconf 89' lang='lat' dir='ltr'><strong>usu</strong></span> 
     </span>
     <span class='ocr_line' id='line_1_10' title="bbox 216 865 1669 924; baseline 0 -14"><span class='ocrx_word' id='word_1_67' title='bbox 216 867 460 921; x_wconf 85' lang='lat' dir='ltr'><strong>posterioris</strong></span> <span class='ocrx_word' id='word_1_68' title='bbox 493 867 688 911; x_wconf 77' lang='lat' dir='ltr'><strong>videatur</strong></span> <span class='ocrx_word' id='word_1_69' title='bbox 722 880 813 909; x_wconf 85' lang='lat' dir='ltr'><strong>esse</strong></span> <span class='ocrx_word' id='word_1_70' title='bbox 846 865 1078 916; x_wconf 75' lang='lat' dir='ltr'><strong>latinitatis</strong></span> <span class='ocrx_word' id='word_1_71' title='bbox 1112 881 1247 924; x_wconf 87' lang='lat' dir='ltr'><strong>neque</strong></span> <span class='ocrx_word' id='word_1_72' title='bbox 1287 866 1410 910; x_wconf 84' lang='lat' dir='ltr'><strong>facile</strong></span> <span class='ocrx_word' id='word_1_73' title='bbox 1445 866 1669 924; x_wconf 84' lang='lat' dir='ltr'><strong>intellega-</strong></span> 
     </span>
     <span class='ocr_line' id='line_1_11' title="bbox 160 930 1669 989; baseline 0.001 -14"><span class='ocrx_word' id='word_1_74' title='bbox 160 942 162 944; x_wconf 77' lang='grc'><strong>’</strong></span> <span class='ocrx_word' id='word_1_75' title='bbox 217 938 301 985; x_wconf 89' lang='lat' dir='ltr'><strong>tur,</strong></span> <span class='ocrx_word' id='word_1_76' title='bbox 338 930 426 986; x_wconf 83' lang='lat' dir='ltr'><strong>cur,</strong></span> <span class='ocrx_word' id='word_1_77' title='bbox 463 935 498 976; x_wconf 89' lang='lat' dir='ltr'><strong>si</strong></span> <span class='ocrx_word' id='word_1_78' title='bbox 533 934 741 989; x_wconf 86' lang='lat' dir='ltr'><strong>principio</strong></span> <span class='ocrx_word' id='word_1_79' title='bbox 783 932 974 976; x_wconf 87' lang='lat' dir='ltr'><strong>additum</strong></span> <span class='ocrx_word' id='word_1_80' title='bbox 1007 934 1077 983; x_wconf 90' lang='lat' dir='ltr'><strong>sit,</strong></span> <span class='ocrx_word' id='word_1_81' title='bbox 1115 937 1261 989; x_wconf 86' lang='lat' dir='ltr'><strong>postea</strong></span> <span class='ocrx_word' id='word_1_82' title='bbox 1299 935 1453 989; x_wconf 89' lang='lat' dir='ltr'><strong>ubique</strong></span> <span class='ocrx_word' id='word_1_83' title='bbox 1493 936 1669 977; x_wconf 89' lang='lat' dir='ltr'><strong>omitta-</strong></span> 
     </span>
     <span class='ocr_line' id='line_1_12' title="bbox 215 998 1701 1053; baseline -0.002 -9"><span class='ocrx_word' id='word_1_84' title='bbox 215 1004 300 1044; x_wconf 86' lang='lat' dir='ltr'><strong>tur.</strong></span> <span class='ocrx_word' id='word_1_85' title='bbox 370 1001 636 1045; x_wconf 85' lang='lat' dir='ltr'><strong>Audiendum</strong></span> <span class='ocrx_word' id='word_1_86' title='bbox 684 1014 795 1052; x_wconf 86' lang='lat' dir='ltr'><strong>ver0,</strong></span> <span class='ocrx_word' id='word_1_87' title='bbox 844 998 889 1044; x_wconf 87' lang='lat' dir='ltr'><strong>ni</strong></span> <span class='ocrx_word' id='word_1_88' title='bbox 934 1000 1074 1053; x_wconf 87' lang='lat' dir='ltr'><strong>fallor,</strong></span> <span class='ocrx_word' id='word_1_89' title='bbox 1123 1001 1296 1044; x_wconf 82' lang='lat' dir='ltr'><strong>verbum</strong></span> <span class='ocrx_word' id='word_1_90' title='bbox 1331 1001 1701 1045; x_wconf 76' lang='lat' dir='ltr'><strong>substantivumz.</strong></span> 
     </span>
     <span class='ocr_line' id='line_1_13' title="bbox 197 1067 1670 1128; baseline -0.001 -16"><span class='ocrx_word' id='word_1_91' title='bbox 197 1070 440 1119; x_wconf 56' lang='lat' dir='ltr'><strong>&#39;decemvir-i,</strong></span> <span class='ocrx_word' id='word_1_92' title='bbox 473 1069 546 1125; x_wconf 89' lang='lat' dir='ltr'><strong>qui</strong></span> <span class='ocrx_word' id='word_1_93' title='bbox 580 1071 683 1111; x_wconf 87' lang='lat' dir='ltr'><strong>sunt</strong></span> <span class='ocrx_word' id='word_1_94' title='bbox 719 1069 875 1123; x_wconf 83' lang='lat' dir='ltr'><strong>(erant,</strong></span> <span class='ocrx_word' id='word_1_95' title='bbox 914 1067 1087 1111; x_wconf 84' lang='lat' dir='ltr'><strong>fuerunt</strong></span> <span class='ocrx_word' id='word_1_96' title='bbox 1120 1069 1235 1128; x_wconf 89' lang='lat' dir='ltr'><strong>sim.)</strong></span> <span class='ocrx_word' id='word_1_97' title='bbox 1273 1070 1422 1127; x_wconf 69' lang='lat' dir='ltr'><strong>leyibus</strong></span> <span class='ocrx_word' id='word_1_98' title='bbox 1450 1070 1670 1112; x_wconf 61' lang='lat' dir='ltr'><strong>scribendis</strong></span> 
     </span>
     <span class='ocr_line' id='line_1_14' title="bbox 217 1135 1666 1192; baseline 0 -15"><span class='ocrx_word' id='word_1_99' title='bbox 217 1135 279 1177; x_wconf 89' lang='lat' dir='ltr'><strong>vel</strong></span> <span class='ocrx_word' id='word_1_100' title='bbox 315 1136 454 1191; x_wconf 90' lang='lat' dir='ltr'><strong>potius</strong></span> <span class='ocrx_word' id='word_1_101' title='bbox 490 1137 703 1178; x_wconf 71' lang='lat' dir='ltr'><strong>decemviri</strong></span> <span class='ocrx_word' id='word_1_102' title='bbox 736 1135 854 1191; x_wconf 61' lang='grc' dir='ltr'><strong><em>ὄντες</em></strong></span> <span class='ocrx_word' id='word_1_103' title='bbox 887 1135 1037 1192; x_wconf 70' lang='lat' dir='ltr'><strong>leyibus</strong></span> <span class='ocrx_word' id='word_1_104' title='bbox 1064 1136 1282 1179; x_wconf 70' lang='lat' dir='ltr'><strong>scribendis</strong></span> <span class='ocrx_word' id='word_1_105' title='bbox 1311 1137 1340 1179; x_wconf 90' lang='lat' dir='ltr'><strong>i.</strong></span> <span class='ocrx_word' id='word_1_106' title='bbox 1373 1151 1409 1179; x_wconf 91' lang='lat' dir='ltr'><strong>e.</strong></span> <span class='ocrx_word' id='word_1_107' title='bbox 1430 1136 1666 1186; x_wconf 82' lang='lat' dir='ltr'><strong>decemviri,</strong></span> 
     </span>
     <span class='ocr_line' id='line_1_15' title="bbox 217 1192 1670 1259; baseline 0.001 -16"><span class='ocrx_word' id='word_1_108' title='bbox 217 1202 290 1257; x_wconf 90' lang='lat' dir='ltr'><strong>qui</strong></span> <span class='ocrx_word' id='word_1_109' title='bbox 335 1192 516 1258; x_wconf 82' lang='lat' dir='ltr'><strong>possunt</strong></span> <span class='ocrx_word' id='word_1_110' title='bbox 562 1202 675 1259; x_wconf 86' lang='lat' dir='ltr'><strong>leges</strong></span> <span class='ocrx_word' id='word_1_111' title='bbox 721 1202 917 1253; x_wconf 89' lang='lat' dir='ltr'><strong>scribere,</strong></span> <span class='ocrx_word' id='word_1_112' title='bbox 963 1202 1037 1258; x_wconf 89' lang='lat' dir='ltr'><strong>qui</strong></span> <span class='ocrx_word' id='word_1_113' title='bbox 1071 1201 1112 1244; x_wconf 90' lang='lat' dir='ltr'><strong>id</strong></span> <span class='ocrx_word' id='word_1_114' title='bbox 1148 1200 1300 1258; x_wconf 85' lang='lat' dir='ltr'><strong>agunt,</strong></span> <span class='ocrx_word' id='word_1_115' title='bbox 1335 1205 1385 1245; x_wconf 86' lang='lat' dir='ltr'><strong>ut</strong></span> <span class='ocrx_word' id='word_1_116' title='bbox 1419 1203 1532 1259; x_wconf 89' lang='lat' dir='ltr'><strong>leges</strong></span> <span class='ocrx_word' id='word_1_117' title='bbox 1567 1202 1670 1244; x_wconf 86' lang='lat' dir='ltr'><strong>scri·-</strong></span> 
     </span>
     <span class='ocr_line' id='line_1_16' title="bbox 218 1268 1669 1326; baseline -0.001 -14"><span class='ocrx_word' id='word_1_118' title='bbox 218 1269 336 1312; x_wconf 88' lang='lat' dir='ltr'><strong>bant.</strong></span> <span class='ocrx_word' id='word_1_119' title='bbox 408 1268 471 1312; x_wconf 84' lang='lat' dir='ltr'><strong>Ac</strong></span> <span class='ocrx_word' id='word_1_120' title='bbox 516 1269 696 1312; x_wconf 85' lang='lat' dir='ltr'><strong>fortasse</strong></span> <span class='ocrx_word' id='word_1_121' title='bbox 742 1283 794 1311; x_wconf 87' lang='lat' dir='ltr'><strong>ex</strong></span> <span class='ocrx_word' id='word_1_122' title='bbox 840 1283 886 1311; x_wconf 88' lang='lat' dir='ltr'><strong>eo</strong></span> <span class='ocrx_word' id='word_1_123' title='bbox 932 1269 1035 1325; x_wconf 89' lang='lat' dir='ltr'><strong>ipso,</strong></span> <span class='ocrx_word' id='word_1_124' title='bbox 1083 1269 1193 1323; x_wconf 89' lang='lat' dir='ltr'><strong>quod</strong></span> <span class='ocrx_word' id='word_1_125' title='bbox 1237 1269 1373 1313; x_wconf 84' lang='lat' dir='ltr'><strong>latina</strong></span> <span class='ocrx_word' id='word_1_126' title='bbox 1409 1270 1557 1326; x_wconf 82' lang='lat' dir='ltr'><strong>lingua</strong></span> <span class='ocrx_word' id='word_1_127' title='bbox 1592 1269 1669 1311; x_wconf 88' lang='lat' dir='ltr'><strong>hoc</strong></span> 
     </span>
     <span class='ocr_line' id='line_1_17' title="bbox 216 1335 1667 1392; baseline -0.001 -14"><span class='ocrx_word' id='word_1_128' title='bbox 216 1336 439 1392; x_wconf 86' lang='lat' dir='ltr'><strong>participio</strong></span> <span class='ocrx_word' id='word_1_129' title='bbox 485 1337 603 1379; x_wconf 85' lang='lat' dir='ltr'><strong>verbi</strong></span> <span class='ocrx_word' id='word_1_130' title='bbox 648 1336 907 1379; x_wconf 81' lang='lat' dir='ltr'><strong>substantivi</strong></span> <span class='ocrx_word' id='word_1_131' title='bbox 950 1340 1092 1388; x_wconf 59' lang='lat' dir='ltr'><strong>caret,</strong></span> <span class='ocrx_word' id='word_1_132' title='bbox 1117 1335 1196 1379; x_wconf 89' lang='lat' dir='ltr'><strong>hoc</strong></span> <span class='ocrx_word' id='word_1_133' title='bbox 1229 1336 1388 1380; x_wconf 87' lang='lat' dir='ltr'><strong>dictum</strong></span> <span class='ocrx_word' id='word_1_134' title='bbox 1423 1336 1667 1385; x_wconf 84' lang='lat' dir='ltr'><strong>mutilatum</strong></span> 
     </span>
     <span class='ocr_line' id='line_1_18' title="bbox 216 1403 1669 1460; baseline -0.001 -14"><span class='ocrx_word' id='word_1_135' title='bbox 216 1403 395 1446; x_wconf 84' lang='lat' dir='ltr'><strong>exstitit.</strong></span> <span class='ocrx_word' id='word_1_136' title='bbox 469 1403 504 1446; x_wconf 83' lang='lat' dir='ltr'>E</span> <span class='ocrx_word' id='word_1_137' title='bbox 537 1404 666 1447; x_wconf 84' lang='lat' dir='ltr'><strong>simili</strong></span> <span class='ocrx_word' id='word_1_138' title='bbox 711 1404 877 1447; x_wconf 87' lang='lat' dir='ltr'><strong>ratione</strong></span> <span class='ocrx_word' id='word_1_139' title='bbox 920 1404 1014 1447; x_wconf 72' lang='lat' dir='ltr'><strong>aliae</strong></span> <span class='ocrx_word' id='word_1_140' title='bbox 1059 1403 1244 1446; x_wconf 88' lang='lat' dir='ltr'><strong>eiusdem</strong></span> <span class='ocrx_word' id='word_1_141' title='bbox 1285 1404 1452 1460; x_wconf 87' lang='lat' dir='ltr'><strong>generis</strong></span> <span class='ocrx_word' id='word_1_142' title='bbox 1495 1404 1669 1446; x_wconf 88' lang='lat' dir='ltr'><strong>locutio-</strong></span> 
     </span>
     <span class='ocr_line' id='line_1_19' title="bbox 217 1465 1668 1529; baseline -0.001 -15"><span class='ocrx_word' id='word_1_143' title='bbox 217 1485 291 1514; x_wconf 88' lang='lat' dir='ltr'><strong>nes</strong></span> <span class='ocrx_word' id='word_1_144' title='bbox 338 1465 594 1527; x_wconf 84' lang='lat' dir='ltr'><strong>explicandae</strong></span> <span class='ocrx_word' id='word_1_145' title='bbox 640 1471 851 1514; x_wconf 88' lang='lat' dir='ltr'><strong>videntur.</strong></span> <span class='ocrx_word' id='word_1_146' title='bbox 921 1470 1053 1515; x_wconf 86' lang='lat' dir='ltr'><strong>Simul</strong></span> <span class='ocrx_word' id='word_1_147' title='bbox 1089 1471 1261 1514; x_wconf 85' lang='lat' dir='ltr'><strong>auditur</strong></span> <span class='ocrx_word' id='word_1_148' title='bbox 1303 1471 1443 1529; x_wconf 85' lang='lat' dir='ltr'><strong>figura</strong></span> <span class='ocrx_word' id='word_1_149' title='bbox 1478 1471 1668 1527; x_wconf 85' lang='lat' dir='ltr'><strong>quaedam</strong></span> 
     </span>
     <span class='ocr_line' id='line_1_20' title="bbox 217 1537 1667 1596; baseline -0.001 -14"><span class='ocrx_word' id='word_1_150' title='bbox 217 1538 334 1582; x_wconf 86' lang='lat' dir='ltr'><strong>verbi</strong></span> <span class='ocrx_word' id='word_1_151' title='bbox 367 1537 642 1591; x_wconf 77' lang='lat' dir='ltr'><strong>substantivi,</strong></span> <span class='ocrx_word' id='word_1_152' title='bbox 680 1554 763 1595; x_wconf 90' lang='lat' dir='ltr'><strong>quo</strong></span> <span class='ocrx_word' id='word_1_153' title='bbox 797 1539 1064 1596; x_wconf 86' lang='lat' dir='ltr'><strong>significatur</strong></span> <span class='ocrx_word' id='word_1_154' title='bbox 1098 1539 1286 1591; x_wconf 85' lang='lat' dir='ltr'><strong>verbum,</strong></span> <span class='ocrx_word' id='word_1_155' title='bbox 1307 1539 1431 1596; x_wconf 88' lang='lat' dir='ltr'><strong>quale</strong></span> <span class='ocrx_word' id='word_1_156' title='bbox 1448 1541 1516 1582; x_wconf 81' lang='lat' dir='ltr'><strong>est</strong></span> <span class='ocrx_word' id='word_1_157' title='bbox 1533 1553 1667 1594; x_wconf 88' lang='lat' dir='ltr'><strong>posse,</strong></span> 
     </span>
     <span class='ocr_line' id='line_1_21' title="bbox 195 1604 1668 1664; baseline -0.001 -16"><span class='ocrx_word' id='word_1_158' title='bbox 195 1605 419 1656; x_wconf 84' lang='lat' dir='ltr'><strong>sufficere,</strong></span> <span class='ocrx_word' id='word_1_159' title='bbox 458 1605 668 1657; x_wconf 88' lang='lat' dir='ltr'><strong>idoneum,</strong></span> <span class='ocrx_word' id='word_1_160' title='bbox 708 1604 858 1662; x_wconf 83' lang='lat' dir='ltr'><strong>aptum</strong></span> <span class='ocrx_word' id='word_1_161' title='bbox 893 1620 983 1649; x_wconf 88' lang='lat' dir='ltr'><strong>esse</strong></span> <span class='ocrx_word' id='word_1_162' title='bbox 1008 1606 1072 1649; x_wconf 85' lang='lat' dir='ltr'><strong>vel</strong></span> <span class='ocrx_word' id='word_1_163' title='bbox 1090 1609 1122 1648; x_wconf 88' lang='lat' dir='ltr'><strong>t.</strong></span> <span class='ocrx_word' id='word_1_164' title='bbox 1143 1621 1184 1662; x_wconf 88' lang='lat' dir='ltr'><strong>q.</strong></span> <span class='ocrx_word' id='word_1_165' title='bbox 1199 1608 1241 1664; x_wconf 84' lang='lat'><strong>¹).</strong></span> <span class='ocrx_word' id='word_1_166' title='bbox 1295 1606 1560 1649; x_wconf 73' lang='lat' dir='ltr'><strong>conferimus</strong></span> <span class='ocrx_word' id='word_1_167' title='bbox 1577 1605 1668 1648; x_wconf 86' lang='lat' dir='ltr'><strong>Liv.</strong></span> 
     </span>
     <span class='ocr_line' id='line_1_22' title="bbox 217 1672 1671 1731; baseline -0.001 -15"><span class='ocrx_word' id='word_1_168' title='bbox 217 1672 336 1716; x_wconf 88' lang='lat' dir='ltr'><strong>XXX</strong></span> <span class='ocrx_word' id='word_1_169' title='bbox 374 1674 417 1724; x_wconf 87' lang='grc'><strong>6,</strong></span> <span class='ocrx_word' id='word_1_170' title='bbox 458 1675 484 1715; x_wconf 88' lang='grc'><strong>3</strong></span> <span class='ocrx_word' id='word_1_171' title='bbox 521 1689 568 1716; x_wconf 78' lang='lat' dir='ltr'><strong>ea</strong></span> <span class='ocrx_word' id='word_1_172' title='bbox 597 1675 727 1724; x_wconf 85' lang='lat' dir='ltr'><strong>modo,</strong></span> <span class='ocrx_word' id='word_1_173' title='bbox 774 1688 862 1731; x_wconf 78' lang='lat' dir='ltr'><strong>quoe</strong></span> <span class='ocrx_word' id='word_1_174' title='bbox 891 1676 1011 1716; x_wconf 74' lang='lat' dir='ltr'><strong>restire</strong></span> <span class='ocrx_word' id='word_1_175' title='bbox 1012 1675 1170 1731; x_wconf 73' lang='lat' dir='ltr'><strong>quondo</strong></span> <span class='ocrx_word' id='word_1_176' title='bbox 1209 1677 1295 1729; x_wconf 73' lang='lat' dir='ltr'><strong>iqui</strong></span> <span class='ocrx_word' id='word_1_177' title='bbox 1322 1674 1467 1727; x_wconf 76' lang='lat' dir='ltr'><strong>forent,</strong></span> <span class='ocrx_word' id='word_1_178' title='bbox 1500 1681 1671 1730; x_wconf 69' lang='lat' dir='ltr'><strong>portan-</strong></span> 
     </span>
     <span class='ocr_line' id='line_1_23' title="bbox 217 1739 1671 1800; baseline -0.001 -17"><span class='ocrx_word' id='word_1_179' title='bbox 217 1749 284 1790; x_wconf 82' lang='lat' dir='ltr'><strong>tes,</strong></span> <span class='ocrx_word' id='word_1_180' title='bbox 311 1739 411 1782; x_wconf 82' lang='lat' dir='ltr'><strong>Tac.</strong></span> <span class='ocrx_word' id='word_1_181' title='bbox 447 1739 532 1782; x_wconf 88' lang='lat' dir='ltr'><strong>An.</strong></span> <span class='ocrx_word' id='word_1_182' title='bbox 571 1740 656 1783; x_wconf 89' lang='lat' dir='ltr'><strong>XII</strong></span> <span class='ocrx_word' id='word_1_183' title='bbox 694 1741 771 1790; x_wconf 85' lang='lat'><strong>68,</strong></span> <span class='ocrx_word' id='word_1_184' title='bbox 810 1742 838 1781; x_wconf 74' lang='lat'>4</span> <span class='ocrx_word' id='word_1_185' title='bbox 874 1742 971 1783; x_wconf 81' lang='lat' dir='ltr'><strong>dum</strong></span> <span class='ocrx_word' id='word_1_186' title='bbox 1000 1756 1087 1797; x_wconf 81' lang='lat' dir='ltr'><strong>quoe</strong></span> <span class='ocrx_word' id='word_1_187' title='bbox 1105 1742 1247 1798; x_wconf 75' lang='lat' dir='ltr'><strong>forent</strong></span> <span class='ocrx_word' id='word_1_188' title='bbox 1264 1742 1476 1800; x_wconf 83' lang='lat' dir='ltr'><strong>firmando</strong></span> <span class='ocrx_word' id='word_1_189' title='bbox 1493 1740 1671 1783; x_wconf 77' lang='lat' dir='ltr'><strong>Neronis</strong></span> 
     </span>
     <span class='ocr_line' id='line_1_24' title="bbox 218 1807 918 1864; baseline 0.001 -15"><span class='ocrx_word' id='word_1_190' title='bbox 218 1808 387 1864; x_wconf 83' lang='lat' dir='ltr'><strong>imperio</strong></span> <span class='ocrx_word' id='word_1_191' title='bbox 416 1815 719 1863; x_wconf 75' lang='lat' dir='ltr'><strong>componuntur,</strong></span> <span class='ocrx_word' id='word_1_192' title='bbox 748 1807 918 1850; x_wconf 85' lang='lat' dir='ltr'><strong>similia.</strong></span> 
     </span>
    </p>
   </div>
   <div class='ocr_carea' id='block_1_3' title="bbox 221 1895 1678 2560">
    <p class='ocr_par' dir='ltr' id='par_1_3' title="bbox 221 1895 1678 2560">
     <span class='ocr_line' id='line_1_25' title="bbox 317 1895 1671 1952; baseline 0.001 -14"><span class='ocrx_word' id='word_1_193' title='bbox 317 1895 444 1938; x_wconf 85' lang='lat' dir='ltr'><strong>Locos</strong></span> <span class='ocrx_word' id='word_1_194' title='bbox 480 1895 671 1939; x_wconf 85' lang='lat' dir='ltr'><strong>Taciteos</strong></span> <span class='ocrx_word' id='word_1_195' title='bbox 706 1898 751 1939; x_wconf 90' lang='lat' dir='ltr'><strong>in</strong></span> <span class='ocrx_word' id='word_1_196' title='bbox 789 1899 994 1952; x_wconf 88' lang='lat' dir='ltr'><strong>quattuor</strong></span> <span class='ocrx_word' id='word_1_197' title='bbox 1028 1897 1183 1940; x_wconf 83' lang='lat' dir='ltr'><strong>classes</strong></span> <span class='ocrx_word' id='word_1_198' title='bbox 1218 1897 1524 1940; x_wconf 84' lang='lat' dir='ltr'><strong>distribuimus.</strong></span> <span class='ocrx_word' id='word_1_199' title='bbox 1578 1896 1671 1939; x_wconf 90' lang='lat' dir='ltr'><strong>Pri-</strong></span> 
     </span>
     <span class='ocr_line' id='line_1_26' title="bbox 221 1963 1672 2020; baseline 0 -14"><span class='ocrx_word' id='word_1_200' title='bbox 221 1977 334 2006; x_wconf 88' lang='lat' dir='ltr'><strong>mam</strong></span> <span class='ocrx_word' id='word_1_201' title='bbox 379 1977 474 2005; x_wconf 84' lang='lat' dir='ltr'><strong>eam</strong></span> <span class='ocrx_word' id='word_1_202' title='bbox 519 1964 728 2019; x_wconf 87' lang='lat' dir='ltr'><strong>ponimus,</strong></span> <span class='ocrx_word' id='word_1_203' title='bbox 773 1965 816 2006; x_wconf 88' lang='lat' dir='ltr'><strong>in</strong></span> <span class='ocrx_word' id='word_1_204' title='bbox 851 1979 937 2019; x_wconf 89' lang='lat' dir='ltr'><strong>qua</strong></span> <span class='ocrx_word' id='word_1_205' title='bbox 981 1967 1084 2007; x_wconf 89' lang='lat' dir='ltr'><strong>sunt</strong></span> <span class='ocrx_word' id='word_1_206' title='bbox 1119 1978 1236 2007; x_wconf 85' lang='lat' dir='ltr'><strong>voees</strong></span> <span class='ocrx_word' id='word_1_207' title='bbox 1271 1965 1432 2007; x_wconf 76' lang='lat' dir='ltr'><strong>adiutor</strong></span> <span class='ocrx_word' id='word_1_208' title='bbox 1466 1964 1568 2020; x_wconf 89' lang='lat' dir='ltr'><strong>(An.</strong></span> <span class='ocrx_word' id='word_1_209' title='bbox 1605 1963 1672 2006; x_wconf 94' lang='lat' dir='ltr'><strong>III</strong></span> 
     </span>
     <span class='ocr_line' id='line_1_27' title="bbox 226 2029 1671 2091; baseline 0 -18"><span class='ocrx_word' id='word_1_210' title='bbox 226 2029 323 2091; x_wconf 86' lang='lat'><strong>12),</strong></span> <span class='ocrx_word' id='word_1_211' title='bbox 364 2030 553 2086; x_wconf 74' lang='lat' dir='ltr'><strong>colleqam</strong></span> <span class='ocrx_word' id='word_1_212' title='bbox 595 2030 696 2086; x_wconf 86' lang='lat' dir='ltr'><strong>(An.</strong></span> <span class='ocrx_word' id='word_1_213' title='bbox 742 2031 804 2075; x_wconf 92' lang='lat' dir='ltr'><strong>VI</strong></span> <span class='ocrx_word' id='word_1_214' title='bbox 843 2031 903 2090; x_wconf 88' lang='lat'><strong>8),</strong></span> <span class='ocrx_word' id='word_1_215' title='bbox 941 2033 1078 2074; x_wconf 77' lang='lat' dir='ltr'><strong>ducem</strong></span> <span class='ocrx_word' id='word_1_216' title='bbox 1122 2031 1221 2087; x_wconf 84' lang='lat' dir='ltr'><strong>(An.</strong></span> <span class='ocrx_word' id='word_1_217' title='bbox 1259 2030 1340 2073; x_wconf 90' lang='lat' dir='ltr'><strong>XV</strong></span> <span class='ocrx_word' id='word_1_218' title='bbox 1377 2032 1438 2090; x_wconf 89' lang='lat'><strong>6),</strong></span> <span class='ocrx_word' id='word_1_219' title='bbox 1468 2047 1671 2089; x_wconf 78' lang='lat' dir='ltr'><strong>procura-</strong></span> 
     </span>
     <span class='ocr_line' id='line_1_28' title="bbox 222 2096 1673 2158; baseline -0.001 -16"><span class='ocrx_word' id='word_1_220' title='bbox 222 2101 343 2142; x_wconf 74' lang='lat' dir='ltr'><strong>tiones</strong></span> <span class='ocrx_word' id='word_1_221' title='bbox 387 2096 629 2152; x_wconf 78' lang='lat' dir='ltr'><strong>(An.&#39;XV1</strong></span> <span class='ocrx_word' id='word_1_222' title='bbox 669 2100 761 2158; x_wconf 89' lang='lat'><strong>17).</strong></span> <span class='ocrx_word' id='word_1_223' title='bbox 831 2098 1043 2142; x_wconf 89' lang='lat' dir='ltr'><strong>Videntur</strong></span> <span class='ocrx_word' id='word_1_224' title='bbox 1076 2099 1140 2141; x_wconf 86' lang='lat' dir='ltr'><strong>hae</strong></span> <span class='ocrx_word' id='word_1_225' title='bbox 1174 2113 1293 2141; x_wconf 84' lang='lat' dir='ltr'><strong>voces</strong></span> <span class='ocrx_word' id='word_1_226' title='bbox 1329 2114 1423 2141; x_wconf 86' lang='lat' dir='ltr'><strong>cum</strong></span> <span class='ocrx_word' id='word_1_227' title='bbox 1457 2098 1673 2142; x_wconf 83' lang='lat' dir='ltr'><strong>vocabulis</strong></span> 
     </span>
     <span class='ocr_line' id='line_1_29' title="bbox 221 2165 1673 2224; baseline 0 -15"><span class='ocrx_word' id='word_1_228' title='bbox 221 2166 304 2210; x_wconf 87' lang='lat' dir='ltr'><strong>illis</strong></span> <span class='ocrx_word' id='word_1_229' title='bbox 351 2166 697 2222; x_wconf 84' lang='lat' dir='ltr'><strong>magistratuum,</strong></span> <span class='ocrx_word' id='word_1_230' title='bbox 732 2166 979 2223; x_wconf 89' lang='lat' dir='ltr'><strong>quibuscum</strong></span> <span class='ocrx_word' id='word_1_231' title='bbox 1027 2166 1161 2210; x_wconf 86' lang='lat' dir='ltr'><strong>dativi</strong></span> <span class='ocrx_word' id='word_1_232' title='bbox 1207 2166 1424 2209; x_wconf 89' lang='lat' dir='ltr'><strong>nominum</strong></span> <span class='ocrx_word' id='word_1_233' title='bbox 1473 2165 1673 2224; x_wconf 85' lang='lat' dir='ltr'><strong>gerundi-</strong></span> 
     </span>
     <span class='ocr_line' id='line_1_30' title="bbox 222 2234 1671 2290; baseline -0.001 -13"><span class='ocrx_word' id='word_1_234' title='bbox 222 2247 450 2288; x_wconf 87' lang='lat' dir='ltr'><strong>vorumque</strong></span> <span class='ocrx_word' id='word_1_235' title='bbox 484 2234 713 2290; x_wconf 83' lang='lat' dir='ltr'><strong>saepissime</strong></span> <span class='ocrx_word' id='word_1_236' title='bbox 748 2236 1070 2286; x_wconf 84' lang='lat' dir='ltr'><strong>connectuntur,</strong></span> <span class='ocrx_word' id='word_1_237' title='bbox 1108 2234 1294 2289; x_wconf 84' lang='lat' dir='ltr'><strong>proxime</strong></span> <span class='ocrx_word' id='word_1_238' title='bbox 1330 2234 1511 2277; x_wconf 86' lang='lat' dir='ltr'><strong>conferri</strong></span> <span class='ocrx_word' id='word_1_239' title='bbox 1537 2249 1671 2289; x_wconf 88' lang='lat' dir='ltr'><strong>posse.</strong></span> 
     </span>
     <span class='ocr_line' id='line_1_31' title="bbox 223 2300 1675 2356; baseline -0.001 -11"><span class='ocrx_word' id='word_1_240' title='bbox 223 2300 381 2345; x_wconf 85' lang='lat' dir='ltr'><strong>Deinde</strong></span> <span class='ocrx_word' id='word_1_241' title='bbox 428 2303 531 2343; x_wconf 90' lang='lat' dir='ltr'><strong>sunt</strong></span> <span class='ocrx_word' id='word_1_242' title='bbox 574 2303 762 2352; x_wconf 88' lang='lat' dir='ltr'><strong>nomina,</strong></span> <span class='ocrx_word' id='word_1_243' title='bbox 799 2303 844 2343; x_wconf 93' lang='lat' dir='ltr'><strong>in</strong></span> <span class='ocrx_word' id='word_1_244' title='bbox 879 2300 1031 2355; x_wconf 88' lang='lat' dir='ltr'><strong>quibus</strong></span> <span class='ocrx_word' id='word_1_245' title='bbox 1067 2304 1133 2343; x_wconf 91' lang='lat' dir='ltr'><strong>est</strong></span> <span class='ocrx_word' id='word_1_246' title='bbox 1170 2302 1285 2344; x_wconf 88' lang='lat' dir='ltr'><strong>notio</strong></span> <span class='ocrx_word' id='word_1_247' title='bbox 1337 2302 1552 2356; x_wconf 85' lang='lat' dir='ltr'><strong>temporis,</strong></span> <span class='ocrx_word' id='word_1_248' title='bbox 1590 2303 1675 2344; x_wconf 66' lang='lat' dir='ltr'><strong>dies</strong></span> 
     </span>
     <span class='ocr_line' id='line_1_32' title="bbox 221 2367 1674 2428; baseline 0 -17"><span class='ocrx_word' id='word_1_249' title='bbox 221 2367 295 2428; x_wconf 88' lang='lat' dir='ltr'><strong>(H.</strong></span> <span class='ocrx_word' id='word_1_250' title='bbox 332 2367 353 2410; x_wconf 92' lang='lat' dir='ltr'>I</span> <span class='ocrx_word' id='word_1_251' title='bbox 390 2367 486 2426; x_wconf 85' lang='lat'><strong>41),</strong></span> <span class='ocrx_word' id='word_1_252' title='bbox 536 2385 687 2411; x_wconf 79' lang='lat' dir='ltr'><strong>annum</strong></span> <span class='ocrx_word' id='word_1_253' title='bbox 746 2368 848 2422; x_wconf 84' lang='lat' dir='ltr'><strong>(An.</strong></span> <span class='ocrx_word' id='word_1_254' title='bbox 886 2368 930 2411; x_wconf 89' lang='lat' dir='ltr'><strong>II</strong></span> <span class='ocrx_word' id='word_1_255' title='bbox 968 2370 1062 2426; x_wconf 85' lang='lat'><strong>26),</strong></span> <span class='ocrx_word' id='word_1_256' title='bbox 1111 2376 1264 2426; x_wconf 78' lang='lat' dir='ltr'><strong>tempus</strong></span> <span class='ocrx_word' id='word_1_257' title='bbox 1309 2369 1411 2424; x_wconf 83' lang='lat' dir='ltr'><strong>(An.</strong></span> <span class='ocrx_word' id='word_1_258' title='bbox 1456 2367 1522 2411; x_wconf 91' lang='lat' dir='ltr'><strong>III</strong></span> <span class='ocrx_word' id='word_1_259' title='bbox 1574 2369 1674 2426; x_wconf 83' lang='lat'><strong>40),</strong></span> 
     </span>
     <span class='ocr_line' id='line_1_33' title="bbox 221 2434 1674 2492; baseline 0 -14"><span class='ocrx_word' id='word_1_260' title='bbox 221 2435 372 2492; x_wconf 90' lang='lat' dir='ltr'><strong>quibus</strong></span> <span class='ocrx_word' id='word_1_261' title='bbox 422 2434 532 2477; x_wconf 84' lang='lat' dir='ltr'><strong>locos</strong></span> <span class='ocrx_word' id='word_1_262' title='bbox 579 2436 816 2479; x_wconf 85' lang='lat' dir='ltr'><strong>consimiles</strong></span> <span class='ocrx_word' id='word_1_263' title='bbox 871 2435 983 2490; x_wconf 84' lang='lat' dir='ltr'><strong>apud</strong></span> <span class='ocrx_word' id='word_1_264' title='bbox 1035 2435 1267 2490; x_wconf 87' lang='lat' dir='ltr'><strong>superiores</strong></span> <span class='ocrx_word' id='word_1_265' title='bbox 1319 2436 1545 2491; x_wconf 87' lang='lat' dir='ltr'><strong>scriptores</strong></span> <span class='ocrx_word' id='word_1_266' title='bbox 1591 2451 1674 2478; x_wconf 88' lang='lat' dir='ltr'><strong>non</strong></span> 
     </span>
     <span class='ocr_line' id='line_1_34' title="bbox 221 2502 1678 2560; baseline 0.001 -14"><span class='ocrx_word' id='word_1_267' title='bbox 221 2504 363 2546; x_wconf 88' lang='lat' dir='ltr'><strong>deesse</strong></span> <span class='ocrx_word' id='word_1_268' title='bbox 397 2502 482 2545; x_wconf 86' lang='lat' dir='ltr'><strong>iam</strong></span> <span class='ocrx_word' id='word_1_269' title='bbox 531 2503 727 2549; x_wconf 86' lang='lat' dir='ltr'><strong>vidimus.</strong></span> <span class='ocrx_word' id='word_1_270' title='bbox 758 2552 761 2554; x_wconf 44' lang='grc'>,</span> <span class='ocrx_word' id='word_1_271' title='bbox 795 2503 1039 2559; x_wconf 85' lang='lat' dir='ltr'><strong>Sequuntur</strong></span> <span class='ocrx_word' id='word_1_272' title='bbox 1073 2503 1259 2554; x_wconf 89' lang='lat' dir='ltr'><strong>nomina,</strong></span> <span class='ocrx_word' id='word_1_273' title='bbox 1297 2517 1389 2559; x_wconf 84' lang='lat' dir='ltr'><strong>quae</strong></span> <span class='ocrx_word' id='word_1_274' title='bbox 1423 2503 1678 2560; x_wconf 83' lang='lat' dir='ltr'><strong>significati-</strong></span> 
     </span>
    </p>
   </div>
   <div class='ocr_carea' id='block_1_4' title="bbox 142 2568 1680 2633">
    <p class='ocr_par' dir='ltr' id='par_1_4' title="bbox 142 2568 1680 2633">
     <span class='ocr_line' id='line_1_35' title="bbox 142 2568 1680 2633; baseline -0.001 -19"><span class='ocrx_word' id='word_1_275' title='bbox 142 2631 146 2633; x_wconf 19' lang='grc' dir='ltr'><em>Π</em></span> <span class='ocrx_word' id='word_1_276' title='bbox 221 2585 344 2614; x_wconf 89' lang='lat' dir='ltr'><strong>ouem</strong></span> <span class='ocrx_word' id='word_1_277' title='bbox 379 2568 612 2613; x_wconf 82' lang='lat' dir='ltr'><strong>adiumenti</strong></span> <span class='ocrx_word' id='word_1_278' title='bbox 650 2571 711 2613; x_wconf 88' lang='lat' dir='ltr'><strong>vel</strong></span> <span class='ocrx_word' id='word_1_279' title='bbox 747 2570 1023 2613; x_wconf 89' lang='lat' dir='ltr'><strong>instrumenti</strong></span> <span class='ocrx_word' id='word_1_280' title='bbox 1057 2569 1259 2625; x_wconf 75' lang='lat' dir='ltr'><strong>praebent,</strong></span> <span class='ocrx_word' id='word_1_281' title='bbox 1294 2571 1448 2628; x_wconf 70' lang='lat' dir='ltr'><strong>pluteos</strong></span> <span class='ocrx_word' id='word_1_282' title='bbox 1476 2580 1680 2630; x_wconf 76' lang='lat' dir='ltr'><strong>cratesque</strong></span> 
     </span>
    </p>
   </div>
   <div class='ocr_carea' id='block_1_5' title="bbox 224 2674 485 2683">
    <p class='ocr_par' dir='ltr' id='par_1_5' title="bbox 224 2674 485 2683">
     <span class='ocr_line' id='line_1_36' title="bbox 224 2674 485 2683; baseline 0 603"><span class='ocrx_word' id='word_1_283' title='bbox 224 2674 485 2683; x_wconf 95' lang='lat' dir='ltr'><strong> </strong></span> 
     </span>
    </p>
   </div>
   <div class='ocr_carea' id='block_1_6' title="bbox 225 2706 1680 2816">
    <p class='ocr_par' dir='ltr' id='par_1_6' title="bbox 225 2706 1680 2816">
     <span class='ocr_line' id='line_1_37' title="bbox 293 2706 1680 2759; baseline 0 -9"><span class='ocrx_word' id='word_1_284' title='bbox 293 2715 324 2758; x_wconf 92' lang='lat'><strong>¹)</strong></span> <span class='ocrx_word' id='word_1_285' title='bbox 349 2717 394 2750; x_wconf 75' lang='lat' dir='ltr'><strong>cf.</strong></span> <span class='ocrx_word' id='word_1_286' title='bbox 419 2714 556 2758; x_wconf 78' lang='lat' dir='ltr'><strong>Teipel,</strong></span> <span class='ocrx_word' id='word_1_287' title='bbox 582 2713 796 2748; x_wconf 72' lang='lat' dir='ltr'><strong>Zeitschriit</strong></span> <span class='ocrx_word' id='word_1_288' title='bbox 818 2714 878 2746; x_wconf 75' lang='lat' dir='ltr'><strong>fiir</strong></span> <span class='ocrx_word' id='word_1_289' title='bbox 902 2714 967 2747; x_wconf 79' lang='lat' dir='ltr'><strong>das</strong></span> <span class='ocrx_word' id='word_1_290' title='bbox 981 2706 1330 2756; x_wconf 65' lang='lat' dir='ltr'><strong>omnnem-wesen</strong></span> <span class='ocrx_word' id='word_1_291' title='bbox 1342 2715 1426 2757; x_wconf 87' lang='lat' dir='ltr'><strong>XII,</strong></span> <span class='ocrx_word' id='word_1_292' title='bbox 1438 2716 1566 2750; x_wconf 85' lang='lat' dir='ltr'><strong>Berlin</strong></span> <span class='ocrx_word' id='word_1_293' title='bbox 1585 2718 1680 2759; x_wconf 86' lang='grc'>1858,</span> 
     </span>
     <span class='ocr_line' id='line_1_38' title="bbox 225 2769 1407 2816; baseline -0.001 -9"><span class='ocrx_word' id='word_1_294' title='bbox 225 2784 260 2816; x_wconf 92' lang='lat' dir='ltr'><strong>p.</strong></span> <span class='ocrx_word' id='word_1_295' title='bbox 285 2774 362 2815; x_wconf 83' lang='grc'>552,</span> <span class='ocrx_word' id='word_1_296' title='bbox 386 2772 444 2806; x_wconf 86' lang='lat' dir='ltr'><strong>cui</strong></span> <span class='ocrx_word' id='word_1_297' title='bbox 468 2771 620 2806; x_wconf 79' lang='lat' dir='ltr'><strong>eandem</strong></span> <span class='ocrx_word' id='word_1_298' title='bbox 642 2770 722 2804; x_wconf 76' lang='lat' dir='ltr'><strong>fere</strong></span> <span class='ocrx_word' id='word_1_299' title='bbox 745 2770 922 2805; x_wconf 82' lang='lat' dir='ltr'><strong>incidisse</strong></span> <span class='ocrx_word' id='word_1_300' title='bbox 945 2769 1166 2805; x_wconf 79' lang='lat' dir='ltr'><strong>sententiam</strong></span> <span class='ocrx_word' id='word_1_301' title='bbox 1189 2771 1262 2806; x_wconf 84' lang='lat' dir='ltr'><strong>iam</strong></span> <span class='ocrx_word' id='word_1_302' title='bbox 1286 2772 1407 2807; x_wconf 78' lang='lat' dir='ltr'><strong>video.</strong></span> 
     </span>
    </p>
   </div>
  </div>
 </body>
</html>
