4752 6013
865 605 1606 879 Reei
1749 603 3328 882 Contents
3468 500 3890 949 (2)

347 1008 620 1169 to.
709 1008 1604 1213 Kreyssiq
1675 1007 1737 1172 Ι
1805 1007 3483 1174 commentationis
3562 1007 3801 1168 de
3875 1002 4068 1167 C.
4379 1008 4382 1010 ‘

338 1257 1091 1421 Salustii
1174 1257 1768 1463 Crispi
1856 1261 3041 1424 Historiarum
3407 1297 3843 1461 pars
3926 1257 3961 1414 Ι

347 1509 621 1669 11.
709 1510 1602 1715 Kreyssiq
1673 1508 1736 1672 Ι
1804 1509 3481 1674 commentationis
3560 1508 3799 1670 de
3874 1504 4067 1668 C.
4293 1553 4300 1561 ·

339 1758 1092 1924 Salustii
1174 1758 1767 1963 Crispi
1855 1761 3040 1925 Historiarum
3406 1797 3842 1962 pars
3925 1757 4021 1917 ΙΙ
4144 1832 4147 1834 f

348 2010 622 2172 12.
710 2011 1601 2216 Kreyssiq
1673 2009 1735 2174 Ι
1809 2011 3165 2176 Meletematum
3246 2009 4286 2172 criticorum

337 2262 1321 2463 specimen
1407 2261 1501 2419 Ι.
1590 2261 1755 2419 in
1836 2302 2216 2464 quo
2296 2259 2835 2423 iocus
2921 2261 3268 2419 Liv.
3343 2259 3810 2418 XLV.

348 2509 620 2673 13.
710 2510 1450 2674 Lobeck
1512 2507 1575 2673 Ι
1648 2510 1905 2673 De
1976 2511 2588 2716 sigma
2668 2508 3832 2714 prosthetico
3919 2552 3951 2667 :

345 2801 779 2962 pars
857 2763 1422 2922 altera

346 3009 618 3168 14.
708 3011 1449 3172 Lobeck
1511 3008 1573 3172 Ι
1647 3011 1903 3171 De
1971 3011 3314 3237 vocabulorum

338 3299 1437 3465 graecorum
1524 3260 2459 3464 parathesi
2552 3303 2585 3419 :
2678 3300 3114 3464 pars
3198 3260 3770 3463 prima

344 3509 616 3671 15.
704 3510 1597 3716 Kreyssiq
1668 3508 1731 3673 Ι
1799 3508 2704 3673 Carminis
2788 3511 3268 3673 latini
3351 3511 3590 3673 de
3669 3511 4154 3673 beiio

326 3760 1104 3922 Actiaco
1175 3762 1587 3924 sive
1654 3761 2896 3924 Alexandrino
2965 3760 4007 3967 fragmenta

341 4007 614 4168 16.
702 4009 1296 4170 Kruse
1362 4008 1424 4170 Ι
1498 4010 1754 4170 De
1823 4008 2199 4170 fide
2282 4010 2686 4168 Livii
2772 4016 3274 4172 recte

330 4257 1512 4421 aestimanda

336 4507 609 4668 17.
693 4506 1247 4671 Gortz
1311 4508 1374 4672 Ι
1442 4508 2805 4684 Quaestionum
2886 4511 3919 4672 criticarum
4000 4511 4236 4672 de

321 4758 679 4919 ..iuli
767 4759 1211 4921 fiori
1293 4759 1967 4921 codice
2049 4757 3076 4921 Nasariano
3163 4802 3196 4918 :
3291 4799 3727 4982 pars
3804 4760 4367 4921 aitera

0 5062 1 5131 ι
331 5006 605 5168 18.
694 5006 1491 5169 Kohierl
1564 5009 1822 5168 De
1904 5005 2332 5164 Piini
2413 5003 3235 5169 Secundi
3324 5007 4071 5168 Minoris

328 5257 801 5419 iocis
881 5257 2019 5459 quibusdam
2107 5256 3530 5474 interpretandis
3607 5262 3794 5418 et
