2032 3286
369 204 420 238 38

310 315 440 358 etiam
475 317 615 373 magis
649 319 940 373 perspicietur,
977 317 1013 359 si
1049 316 1195 359 horum
1232 317 1414 360 locorum
1440 319 1642 361 naturam
1659 332 1765 373 pau-

309 382 441 424 lulum
480 383 802 439 inspexerimus.

412 484 598 527 Primum
645 500 713 528 eos
761 486 867 527 locos
903 485 1190 539 inspiciamus,
1236 486 1280 527 in
1315 484 1467 540 quibus
1502 484 1635 527 dativi
1659 493 1765 528 *cum

309 552 360 593 iis
399 552 538 594 verbis
586 553 783 594 videntur
831 551 1018 606 proxime
1051 551 1332 607 coniungendi
1367 565 1471 602 esse,
1508 566 1601 607 quae
1634 552 1765 594 etiam

310 618 417 661 alias
467 633 560 660 eum
611 619 754 661 dativo
801 633 902 660 casu
947 620 1268 660 connectantur.
1358 617 1666 661 Difficillimum
1714 616 1764 660 de

308 686 565 740 quibusdam
614 686 711 727 locis
757 687 823 727 est
870 686 1082 735 indicium,
1120 699 1252 740 quum
1287 685 1415 727 verba
1450 685 1656 727 nonnulla
1690 684 1765 727 da-

309 752 443 794 tivum
493 766 636 794 casum
689 752 795 794 alias
841 751 1009 808 quidem
1063 753 1288 803 asciscant,
1337 751 1408 794 sed
1455 751 1634 794 fortasse
1681 754 1764 793 ῐῐοιι

309 819 451 861 eodem
486 833 625 860 sensu.
680 818 824 861 Verba
859 818 1065 861 nonnulla
1083 818 1326 868 afferimus;
1362 817 1762 875 reservari(Agr.
1791 861 1796 865 ,
1826 849 1829 852 -

312 885 405 940 31),
444 900 622 941 quocum
657 886 902 927 conferatur
937 901 1141 928 reservare
1171 901 1212 928 se
1239 888 1300 928 rei
1323 886 1496 943 puldicoe
1512 885 1661 943 (Liv.);
1691 888 1765 927 in-

307 954 487 995 sistere
517 951 591 1006 (H.
629 952 694 994 III
734 953 827 1009 77),
848 953 901 994 ef.
940 954 966 995 i.
993 968 1142 1009 puynoe
1171 952 1325 1008 (Caes.),
1347 954 1434 1009 spei
1456 951 1600 1010 (Lim),
1620 954 1766 994 studiis

307 1019 489 1076 (Quint.)
525 1020 603 1066 al.;
647 1027 868 1061 statuere
909 1021 1042 1075 spatia
1078 1018 1179 1074 (An.
1218 1019 1261 1061 II
1298 1021 1379 1077 36)
1415 1021 1459 1062 et
1494 1027 1664 1062 statuere
1703 1020 1763 1061 bi-

306 1088 433 1128 duum
464 1086 571 1143 (An.
610 1085 675 1128 III
716 1086 807 1143 13),
845 1086 899 1128 cf.
925 1088 1151 1128 stmodum
1174 1087 1433 1128 diuturnitati
1447 1087 1612 1143 imperii
1626 1085 1763 1143 (Cia),

305 1156 409 1196 diem
441 1155 604 1196 insidiis
633 1152 792 1212 (Sall.);
828 1155 1050 1196 adiicere
1080 1152 1180 1207 (Au.
1218 1152 1260 1195 II
1297 1155 1393 1211 65),
1418 1151 1472 1194 cf.
1496 1153 1765 1196 sacerdotibus

305 1222 490 1280 creandi-«5
520 1223 702 1262 animum
732 1223 876 1262 adiecit
906 1220 1014 1273 (Liv.
1057 1219 1072 1261 I
1113 1221 1189 1271 20,
1232 1222 1272 1269 1,
1309 1220 1362 1262 ef.
1401 1220 1490 1262 Liv.
1529 1219 1654 1262 XXII
1682 1221 1761 1270 22,

308 1289 369 1342 8),
389 1288 442 1329 ef.
474 1286 717 1342 Nipperdey
737 1287 788 1330 ad
812 1287 892 1329 An.
913 1286 1015 1330 XIV
1039 1289 1086 1336 3;
1122 1290 1344 1330 eoeimere
1379 1287 1481 1343 (An.
1519 1287 1585 1329 III
1613 1287 1694 1344 22)
1712 1301 1763 1329 ex

306 1370 368 1404 ea,
406 1368 499 1409 quae
547 1355 658 1409 apud
703 1354 898 1396 Tacitum
944 1355 1117 1408 eiusque
1151 1355 1332 1409 aequales
1369 1358 1446 1405 est,
1488 1354 1610 1397 huius
1648 1355 1763 1396 verbi

305 1424 538 1472 structura,
576 1421 629 1464 cf.
668 1420 911 1463 Boettieher
946 1420 1044 1463 Lex.
1082 1420 1180 1463 Tae.
1220 1436 1252 1463 s.
1292 1420 1334 1463 h.
1373 1437 1429 1472 v.,
1450 1418 1690 1477 Nipperdey
1711 1419 1762 1463 ad

308 1489 388 1530 An.
428 1489 447 1530 Ι
486 1490 561 1539 48,
612 1488 715 1531 XIV
764 1489 844 1537 64;
892 1491 1141 1530 adornare
1187 1488 1289 1542 (An.
1335 1488 1396 1530 VI
1435 1489 1516 1545 37)
1549 1489 1603 1530 cf.
1677 1487 1760 1530 An.

303 1555 400 1607 XII,
446 1556 501 1598 13
541 1559 720 1607 venatui3
752 1557 921 1612 finire
968 1572 1182 1598 munerum
1212 1554 1315 1601 (An.
1361 1554 1482 1598 XIIIv
1506 1555 1599 1614 49),
1637 1555 1689 1598 ef.
1728 1556 1761 1609 f.

302 1631 456 1679 tempus
498 1624 622 1665 alicui
662 1622 797 1680 (Oia).
870 1620 1067 1665 Fortasse
1110 1623 1240 1664 etiam
1283 1622 1333 1664 de
1370 1623 1464 1665 aliis
1510 1622 1763 1679 quibusdam

303 1690 440 1732 verbis
476 1690 586 1732 idem
629 1690 805 1733 iudicari
852 1692 1004 1744 potest,
1043 1692 1092 1731 ut
1126 1691 1293 1747 adferre
1328 1689 1430 1744 (An.
1467 1689 1531 1732 VI
1569 1690 1645 1740 50,
1683 1688 1762 1731 XV

303 1759 366 1815 9),
402 1758 581 1813 proebere
610 1757 712 1810 (An.
750 1756 834 1799 XII
875 1757 969 1813 48),
1007 1758 1107 1799 dare
1142 1756 1242 1810 (An.
1282 1755 1384 1799 XVI
1405 1757 1467 1815 2),
1498 1757 1683 1813 deligere,
1707 1756 1761 1798 al.

302 1824 370 1867 Ad
408 1824 563 1875 verba,
586 1838 679 1880 quae
713 1827 816 1866 sunt
850 1825 1060 1866 observare
1096 1822 1170 1877 (H.
1209 1823 1229 1865 Ι
1269 1823 1361 1881 18),
1398 1825 1578 1884 reperire
1614 1821 1686 1878 (H.
1723 1822 1762 1865 V

306 1891 403 1946 13),
430 1892 607 1950 firmare
642 1890 744 1944 (An.
784 1890 845 1933 IV
884 1891 977 1948 73),
1015 1891 1277 1947 eloquentiam
1308 1891 1372 1933 vel
1379 1892 1629 1949 facundiam
1645 1906 1761 1932 exer-

301 1975 387 2003 cere
416 1957 520 2018 (An.
561 1957 664 2002 XIII
705 1959 781 2010 42,
818 1951 900 2002 XV
937 1956 1025 2018 48)
1060 1958 1225 2002 dativos
1261 1958 1478 2010 commodi,
1517 1958 1588 2015 qui
1610 1972 1763 2001 vocan-

301 2030 387 2077 tur,
426 2027 586 2082 positos
622 2027 828 2081 suspicari
864 2039 1100 2082 possumus.

401 2127 511 2169 Tum
559 2128 672 2170 haud
720 2129 803 2170 scio
850 2143 904 2171 an
940 2127 1132 2183 quaedam
1169 2128 1414 2179 locutiones,
1451 2140 1545 2183 quae
1580 2128 1764 2171 maxime

302 2196 354 2239 ad
405 2210 494 2238 rem
538 2195 752 2251 publicam
789 2195 1173 2240 administrandam
1209 2195 1468 2250 pertineant,
1505 2210 1528 2238 e
1564 2196 1763 2239 similitu-

299 2264 397 2306 dine
448 2263 635 2318 quadam
685 2267 947 2306 vetustorum
999 2262 1355 2319 vulgatorumque
1390 2262 1596 2306 dictorum
1631 2263 1764 2308 exsti-

300 2331 456 2373 terint:
504 2330 735 2373 locutiones
771 2332 926 2374 sodales
956 2331 1162 2372 instituere
1191 2329 1293 2383 (An.
1331 2329 1352 2371 I
1390 2330 1469 2386 54)
1505 2333 1548 2373 et
1583 2332 1763 2373 censoria

295 2406 488 2454 potestate
506 2398 637 2454 junqi
666 2398 769 2452 (An.
808 2398 872 2441 III
911 2399 991 2454 30)
1026 2396 1209 2438 fortasse
1243 2397 1422 2439 conferri
1460 2400 1639 2452 possunt
1668 2412 1762 2440 cum

301 2464 426 2507 dietis
464 2465 562 2515 illis,
596 2466 641 2507 in
676 2465 829 2520 quibus
868 2465 929 2508 vel
968 2463 1208 2506 nominibus
1237 2464 1571 2520 magistratuum
1592 2465 1656 2507 vel
1674 2465 1763 2507 voci

302 2533 566 2575 comitiorum
602 2533 922 2590 subiunguntur
956 2531 1090 2574 dativi
1127 2531 1310 2574 nominis
1325 2532 1646 2589 gerundivique.
1704 2531 1764 2575 Ac

304 2600 482 2641 forsitan
531 2601 705 2642 verbum
748 2602 897 2658 pollere
933 2599 1006 2654 (H.
1046 2598 1111 2642 III
1149 2600 1229 2658 55)
1266 2614 1317 2641 ex
1352 2614 1402 2642 ea
1438 2600 1762 2657 significationis

302 2666 593 2720 similitudine,
631 2681 724 2725 quae
759 2669 796 2712 ei
832 2683 925 2711 eum
965 2667 1090 2711 verbo
1126 2666 1361 2710 sufficiendi
1397 2670 1477 2720 est,
1497 2682 1590 2711 cum
1617 2665 1760 2710 dativo

301 2735 602 2790 coniungatur.
