2032 3286
1573 233 1594 264 9

301 342 505 385 Venimus
552 342 604 384 ad
650 358 721 385 eas
769 342 1015 394 locutiones,
1065 344 1108 386 in
1143 343 1296 399 quibus
1332 343 1444 385 inest
1479 343 1653 384 verbum

200 411 488 461 transitivum,
525 413 575 451 ut
610 412 712 453 dare
741 413 889 453 ducere
918 412 1067 454 habere
1095 419 1261 453 vertere.
1312 409 1375 452 De
1401 411 1465 452 his
1491 410 1654 452 dicendi

202 478 427 534 generibus
463 477 550 519 iam
585 474 809 537 Haase¹)
840 479 1059 535 ingeniose
1095 478 1398 521 animadvertit
1433 478 1560 520 verba
1581 477 1655 519 ina

205 547 306 587 dare
336 547 484 587 ducere
513 546 606 586 sim.
644 545 750 587 nihil
786 546 900 588 aliud
926 561 1016 589 esse
1041 547 1125 588 nisi
1150 547 1500 599 temperationem
1516 560 1658 599 quan-

203 613 302 655 dam
336 612 452 654 verbi
487 612 747 654 substantivi
783 629 880 663 esse,
916 628 1002 668 qua
1035 629 1081 656 re
1117 613 1239 655 laudi
1267 620 1420 654 vertere
1455 612 1564 653 idem
1601 612 1658 652 sit

168 729 173 733 .
206 685 335 732 atque
373 680 536 721 credere
565 680 628 721 vel
666 682 804 722 dicere
837 681 959 722 laudi
987 697 1085 726 esse.
1129 681 1199 722 Ita
1236 686 1436 734 putamus
1471 680 1515 720 in
1547 679 1658 719 dicto

206 745 479 787 Ciceroniano
514 746 730 788 Summam
770 747 936 789 laudem
965 748 1009 791 S.
1040 749 1196 791 Roscio
1226 749 1328 789 vitio
1357 754 1394 788 et
1424 745 1555 802 culpoe
1584 746 1660 787 de-

208 814 311 854 disti
341 812 526 854 ‘eandem
572 813 709 854 inesse
744 816 1002 857 sententiam
1040 820 1169 870 atque
1206 815 1242 855 si
1277 814 1448 855 dicitur:
1503 811 1659 853 'dixisti

208 892 419 920 summam
454 879 623 921 laudem
658 879 698 922 S.
729 880 878 923 Roscio
917 882 1018 923 vitio
1052 885 1096 924 et
1131 882 1264 936 culpae
1297 878 1399 922 esse'
1433 879 1494 920 vel
1529 876 1659 920 'sum-

209 961 322 987 mam
364 945 531 987 laudem
580 947 637 1000 (id
680 949 788 1003 quod
825 964 991 991 summa
1027 952 1093 991 est
1128 949 1240 1007 laus)
1275 947 1316 990 S.
1354 947 1504 988 Roscio
1542 949 1661 988 attu-

210 1013 307 1055 lisse
330 1013 492 1055 'vitium
536 1018 579 1056 et
626 1014 820 1070 culpam'.
901 1016 1013 1059 Dicit
1048 1016 1132 1059 Cic.
1177 1017 1226 1058 ad
1277 1015 1394 1057 Fam.
1432 1013 1474 1056 II
1515 1014 1589 1064 16,
1630 1014 1657 1054 3

207 1082 377 1122 Etenim
415 1083 586 1123 memini
624 1084 668 1124 in
705 1084 779 1125 hoc
811 1099 958 1139 ρεπεν-θ
992 1084 1174 1140 yloriari
1212 1084 1379 1125 solitum
1417 1097 1500 1123 esse
1521 1082 1660 1139 fami-

209 1148 357 1190 liarem
388 1157 574 1191 nostrum
608 1150 658 1203 Q.
689 1151 978 1202 Hortensium,
1008 1153 1121 1208 quod
1154 1166 1381 1207 numquam
1412 1149 1514 1191 bello
1545 1148 1661 1190 civili

208 1216 478 1273 interfuisset.
538 1217 634 1258 Hoc
673 1226 816 1259 nostra
854 1219 947 1259 laus
977 1221 1056 1260 erit
1085 1218 1305 1267 illustrior,
1344 1218 1454 1273 quod
1484 1216 1550 1257 illi
1580 1216 1660 1256 tri-

211 1283 413 1324 buebatur
451 1285 653 1338 iynavioe:
693 1286 743 1326 de
769 1286 899 1327 nobis
935 1287 983 1326 id
1020 1286 1256 1327 emistimari
1277 1299 1401 1341 posse
1431 1298 1512 1325 non
1543 1283 1662 1324 arbi-

212 1357 311 1391 tror.
378 1349 477 1398 Quae
530 1351 656 1392 verba
694 1352 755 1393 ita
791 1352 1142 1406 interpretamur:
1197 1352 1410 1405 putabant
1445 1351 1500 1398 id,
1550 1348 1660 1402 quod

210 1416 319 1457 bello
355 1416 465 1457 civili
504 1431 587 1458 non
624 1417 891 1459 interfuisset
926 1418 1195 1467 Hortensius,
1234 1418 1270 1459 ei
1306 1432 1394 1458 esse
1419 1415 1664 1471 ignominiae

212 1483 277 1525 vel
323 1484 536 1537 putabant
580 1484 656 1526 hoc
700 1485 736 1526 ei
775 1485 940 1527 efficere
984 1486 1261 1540 ignominiam
1306 1487 1333 1526 i.
1372 1500 1408 1525 e.
1448 1485 1523 1525 hoc
1571 1483 1663 1524 effi-

211 1564 314 1599 cere,
361 1554 409 1591 ut
445 1565 496 1592 ex
532 1553 749 1593 sententia
784 1553 938 1594 civium
973 1553 1157 1609 ignavus
1192 1555 1316 1601 esset,
1362 1552 1423 1592 vel
1463 1551 1538 1592 hoc
1573 1549 1666 1591 effi-

212 1632 302 1659 cere
338 1624 432 1659 eu'm
469 1619 672 1673 ignavum
709 1635 798 1661 esse
814 1616 866 1677 2.)

312 1684 394 1726 Hic
447 1686 740 1728 annotandum
783 1691 848 1729 est
892 1688 944 1729 ad
989 1687 1117 1729 verba
1160 1687 1234 1728 illa
1269 1650 1512 1735 transitiva,
1557 1683 1668 1739 quod

211 1752 356 1802 sciam,
410 1767 492 1794 non
542 1754 722 1795 inveniri
771 1755 1057 1796 accusativum
1106 1770 1182 1809 pro
1228 1754 1373 1795 dativo
1413 1763 1668 1806 usurpatum

210 1819 292 1859 nisi
342 1820 385 1859 in
421 1819 545 1861 dictis
582 1822 737 1862 donum
779 1823 900 1871 dare,
925 1822 1060 1880 ferre,
1101 1823 1263 1863 mittere
1298 1821 1408 1870 sim„
1446 1832 1540 1873 quae
1573 1831 1669 1859 cum

211 1883 375 1928 dicendi
411 1886 605 1929 formulis
643 1890 750 1930 dono
781 1890 896 1939 dare,
927 1891 1115 1946 accipere
1150 1889 1243 1930 sim.
1282 1888 1550 1934 conferimus,
1598 1885 1668 1926 sed

211 1968 296 2008 qua
345 1954 509 1995 ratione
559 1955 624 1996 hic
671 1955 840 1997 dativus
889 1958 997 1998 dono
1042 1955 1316 2010 explicandus
1364 1956 1433 2004 sit,
1479 1953 1667 1994 dubitari

211 2023 362 2075 potest.

317 2089 511 2130 Annotat
561 2085 762 2130 Schultz³
769 2093 784 2146 )
833 2104 908 2143 pro
957 2104 1017 2139 cO,
1070 2090 1179 2143 quod
1223 2093 1287 2130 est
1319 2089 1501 2144 olor-iam
1539 2087 1670 2127 alicui

217 2158 388 2198 crimini
415 2163 582 2206 vertere,
612 2170 933 2211 nonnumquam
961 2157 1039 2198 dici
1063 2156 1260 2218 yloriam
1264 2155 1402 2197 alicui
1436 2156 1481 2195 in
1512 2155 1670 2195 crimen

214 2232 381 2266 vertere.
448 2223 538 2265 Iam
575 2220 757 2277 Zumpt‘*
765 2228 780 2282 )
816 2227 943 2279 putat
988 2224 1055 2266 his
1096 2223 1251 2265 dictis
1251 2222 1453 2264 diversas
1500 2221 1671 2262 subesse

216 2291 561 2346 significationes.
635 2294 777 2347 Atque
826 2292 947 2334 facile
990 2267 1253 2346 intelleoituii
1297 2298 1450 2331 vertere
1488 2291 1532 2330 in
1570 2303 1671 2329 mu-

292 2437 322 2477 ¹)
348 2438 501 2480 Reisig's
526 2440 664 2472 Vorles.
690 2449 725 2480 p.
751 2440 826 2478 670,
851 2448 932 2470 ann.
958 2438 1034 2470 546.

287 2492 316 2533 ²)
341 2494 554 2535 Nielander,
580 2495 646 2527 der
669 2495 789 2527 factit.
837 2494 947 2526 Dativ
982 2493 1021 2525 in
1058 2493 1129 2525 den
1159 2493 1276 2525 Cicer.
1300 2491 1398 2523 Schr.
1423 2500 1458 2532 p.
1484 2492 1537 2531 25,
1579 2490 1675 2522 dicit

216 2551 286 2584 hoc
322 2551 446 2583 dativo
481 2551 633 2592 iqnavioe
669 2550 871 2591 significari
908 2559 1065 2589 causam,
1101 2559 1165 2581 cur
1199 2547 1415 2580 Hortensius
1445 2547 1544 2578 bello
1571 2546 1673 2578 civili

217 2617 290 2639 non
326 2607 567 2639 interfuisset.
615 2607 718 2638 Hanc
754 2605 1026 2647 interpretandi
1062 2605 1241 2637 rationem
1278 2604 1323 2635 ab
1358 2602 1428 2635 hoc
1463 2602 1582 2634 dativi
1606 2612 1673 2635 usu

217 2671 364 2704 prorsus
389 2661 586 2694 abhorrere
609 2671 683 2694 non
707 2663 763 2694 est
788 2662 886 2703 quod
910 2670 1087 2694 moneam.

287 2717 317 2758 ⁸)
342 2718 485 2751 Latein.
510 2717 754 2759 Sprachlehre
779 2715 799 2758 ξ
825 2719 900 2757 269,
925 2719 1027 2749 Anm.
1052 2717 1108 2757 (in
1132 2715 1232 2755 fine).

287 2773 318 2813 ⁴)
343 2774 487 2823 Latein.
512 2774 667 2805 Gramm.
693 2772 712 2814 ξ
738 2774 813 2812 422,
838 2774 940 2804 Anm.
966 2772 1021 2811 (in
1045 2771 1145 2811 fine).
