2032 3286
460 257 510 291 22

400 417 449 463 G.
521 415 662 467 Usui,
700 417 970 465 obtentui,
1008 417 1175 466 oneri,
1212 416 1376 458 exitio
1401 415 1613 467 habere,
1641 431 1861 466 sumeref3

920 484 1094 539 praedae
1127 484 1348 540 dare(‘?).

509 574 632 614 Usui
662 574 856 615 habere.
927 574 1010 614 An.
1059 572 1124 614 III
1164 573 1240 622 31,
1280 572 1338 613 32
1377 572 1489 627 quod
1532 573 1647 614 haud
1683 574 1864 629 perinde

395 640 568 697 publice
597 642 716 682 usui
745 640 806 682 ha
820 641 981 683 bitum
1012 656 1138 696 quam
1171 640 1391 682 exitiosum
1421 638 1564 681 multis
1593 654 1680 694 eqs.

506 718 559 773 (⁸?)
595 719 786 759 Praedae
815 719 939 759 dare
975 723 1102 769 (esse
1138 716 1263 760 Varr.
1300 717 1383 759 Cio.
1411 717 1512 760 Sall.
1534 716 1624 759 Liv.
1647 718 1718 768 aL,
1740 719 1866 760 dare

403 783 528 841 Liv.).
599 785 682 826 An.
720 784 741 825 I
779 784 854 834 57,
898 784 954 826 18
992 785 1249 826 Ferebantur
1278 793 1315 826 et
1345 785 1482 841 spolia
1504 785 1700 828 Varianoe
1716 785 1865 835 cladis,

395 852 666 908 plerisque
696 867 835 893 eorum
865 853 938 907 qui
967 859 1053 893 tum
1084 853 1129 892 in
1160 853 1413 894 deditionem
1437 852 1654 894 veniebant
1677 854 1867 909 proedae

402 920 539 959 data.

505 996 749 1039 Obtentui
795 1010 996 1037 sumere
1046 994 1209 1051 (Sall.).
1284 995 1365 1037 An.
1412 995 1432 1037 I
1481 995 1555 1047 10,
1595 997 1620 1037 2
1663 998 1867 1054 pietatem

399 1078 498 1118 crya
519 1070 739 1118 parentem
770 1070 806 1103 et
837 1070 1024 1119 tempora
1052 1064 1116 1104 rei
1137 1063 1322 1119 publicae
1366 1064 1605 1105 obtentui
1649 1072 1866 1121 sumpta.

502 1141 661 1184 Oneri
691 1141 891 1183 habere.
948 1140 1004 1182 H.
1043 1140 1106 1182 IV
1145 1142 1187 1190 3,
1229 1142 1254 1182 8
1292 1143 1392 1197 quia
1412 1143 1554 1197 qratia
1577 1143 1742 1191 oneri,
1762 1143 1867 1185 ultio

399 1208 443 1248 in
475 1215 631 1263 quoestn
661 1207 892 1249 habetur.

499 1286 689 1326 Eoeitz'o
721 1286 921 1326 habere.
977 1284 1058 1326 An.
1098 1285 1161 1326 VI
1200 1287 1276 1334 30,
1320 1286 1376 1326 15
1415 1302 1541 1342 neque
1570 1302 1750 1328 errorem
1767 1302 1867 1328 erm·

398 1353 491 1393 dem
523 1351 590 1393 illi
619 1352 707 1393 sine
729 1352 904 1409 fraude,
936 1352 1065 1393 aliis
1096 1353 1257 1394 exitio
1289 1353 1589 1395 habendum.

399 1484 452 1527 Ε.
496 1484 1868 1539 Exemploassumere,visuipraeberialicui,obsidio

746 1552 965 1611 dareOE),
1005 1552 1212 1606 pignori
1250 1550 1520 1607 accipi(‘?).

499 1641 747 1696 Eoeemplo
789 1655 1050 1681 assumere
1102 1643 1233 1692 (esse
1268 1640 1351 1682 Cio.
1390 1639 1481 1680 Liv.
1519 1640 1610 1696 aL).
1683 1641 1766 1681 An.
1807 1640 1868 1682 VI

400 1708 443 1757 8,
487 1707 543 1747 12
582 1707 672 1748 ,Nec
702 1722 946 1763 quemquam
976 1706 1211 1763 exemplo
1243 1722 1459 1748 assumo.

507 1785 594 1825 Vis
606 1801 629 1824 ιι
641 1786 657 1825 i
691 1800 726 1839 p
737 1800 760 1824 r
770 1799 802 1824 ae
812 1785 835 1825 b
846 1799 865 1825 8
874 1785 922 1824 ri
960 1784 1101 1825 alicu
1113 1786 1128 1824 i
1174 1784 1287 1824 inter
1331 1783 1405 1823 hos
1454 1783 1561 1824 locos
1599 1784 1864 1825 referendum

399 1850 578 1893 videtur.
652 1851 735 1892 Au.
772 1849 856 1892 XII
895 1851 970 1901 21,
1012 1851 1034 1892 7
1084 1850 1210 1892 Vultu
1241 1865 1398 1906 quoque
1439 1852 1631 1893 interrito
1660 1867 1867 1907 perman-

397 1919 465 1967 sit,
497 1933 586 1958 cum
617 1925 755 1959 rostra
785 1915 908 1958 inxta'
928 1918 1171 1960 custodibus
1187 1918 1472 1958 circumdatus
1502 1919 1642 1959 visui
1663 1934 1697 1975 p
1709 1934 1768 1975 op
1782 1919 1833 1959 ul
1844 1934 1867 1960 o

390 1986 535 2042 proeb
549 1992 685 2027 eretu
700 2001 735 2026 r.

498 2064 552 2119 (ἓ)
591 2043 812 2107 Obsidio
843 2065 966 2104 dare
1002 2063 1169 2104 videtur
1204 2077 1295 2103 esse
1329 2061 1479 2103 Tacito
1509 2063 1740 2116 proprium.
1779 2061 1864 2104 An.

397 2129 458 2171 XI
501 2131 573 2179 10,
616 2131 673 2172 19
710 2130 843 2172 Multi
872 2131 929 2171 ad
961 2129 1169 2172 Gotarzen
1201 2129 1476 2177 inclinabant,
1501 2130 1673 2184 qnidam
1692 2131 1748 2171 ad
1775 2130 1868 2171 Me-

396 2197 593 2238 herdaten
616 2197 782 2253 prolem
811 2197 1027 2246 Phraatis,
1058 2212 1081 2239 o
1093 2198 1116 2238 b
1126 2197 1266 2238 sidio
1298 2211 1326 2236 n
1337 2210 1360 2236 o
1372 2196 1395 2236 b
1406 2196 1423 2236 i
1431 2210 1451 2236 s
1480 2196 1510 2236 d
1521 2203 1671 2237 atum.

498 2275 551 2331 (ἓ)
600 2276 826 2331 Piynori
877 2276 1054 2331 accipi
1105 2277 1233 2326 (8338
1284 2272 1425 2314 Plaut.
1475 2271 1558 2314 Cic.
1606 2273 1723 2315 Curt.
1773 2274 1864 2329 al.).

397 2341 451 2382 Η.
491 2341 555 2382 ΙΙΙ
594 2343 669 2391 65,
712 2343 734 2383 7
775 2350 811 2383 et
841 2342 1087 2383 credebatur
1123 2340 1335 2398 adfectam
1375 2340 1461 2380 eius
1481 2340 1613 2398 fldem
1637 2356 1769 2397 parce
1799 2343 1867 2382 ia-

398 2410 503 2451 visse
533 2411 654 2450 domo
685 2410 878 2464 aqrisque
911 2409 1039 2463 piyn
1052 2409 1133 2449 ori
1163 2408 1413 2462 acceptis.
1854 2431 1856 2433 ·

844 2553 892 2596 F.
963 2551 1181 2594 Indutui
1218 2567 1414 2608 gerere.

500 2632 717 2673 Indutuz'
743 2647 932 2687 yerere.
992 2633 1077 2674 An.
1098 2630 1200 2673 XVI
1222 2633 1264 2677 4.
1290 2633 1346 2674 10
1373 2634 1531 2675 cemctz's
1561 2631 1731 2673 citharoe
1760 2631 1866 2685 [eyi-

398 2698 475 2740 bus
505 2698 802 2754 obtemperans,
828 2731 836 2739 .
857 2731 865 2739 .
884 2731 893 2740 .
918 2715 967 2740 ne
998 2701 1188 2741 sudorem
1219 2700 1304 2740 nisi
1334 2715 1381 2740 ea
1402 2715 1526 2755 quam
1555 2698 1770 2740 indutui
1791 2711 1866 2751 ye-

394 2766 516 2808 rebat
545 2773 650 2806 veste
680 2767 915 2822 detor-‚aerea
945 2780 1032 2821 eqS.
1072 2768 1261 2819 (indutui
1290 2767 1442 2809 habere
1472 2765 1636 2822 Apum.
