2032 3286
409 238 461 272 24

353 366 439 406 eqs.
489 351 663 391 verbum
716 352 886 392 vertisse
931 350 1086 392 habere
1133 351 1490 405 significationem
1539 352 1732 393 mutandi
1768 355 1812 393 et

351 418 536 474 figuram
579 418 691 461 vocis
741 417 852 460 malo
903 432 994 460 esse
1045 417 1152 459 idem
1198 418 1307 474 quod
1357 416 1409 460 ’in
1447 416 1636 461 malum’.
1706 416 1811 460 Tum

351 485 628 527 manifestum
666 489 729 527 est
765 485 847 526 huc
882 499 965 526 non
986 485 1270 527 refererendas
1290 500 1380 527 esse
1398 486 1645 537 locutiones,
1665 486 1810 541 quales

353 559 456 595 sunt
494 553 641 596 honori
671 553 853 595 alieuius
883 553 986 594 dare
1016 551 1068 595 H.
1107 552 1127 594 I
1166 553 1240 602 77,
1281 555 1324 603 9,
1365 552 1448 595 An.
1487 553 1529 595 II
1568 554 1644 605 58,
1682 555 1724 605 3,
1746 552 1812 595 III

356 621 432 670 72,
475 621 549 671 15,
590 621 705 669 alibi,
743 620 807 661 vel
844 620 993 661 honori
1022 620 1202 661 alicuius
1232 621 1412 662 tribuere
1447 620 1531 662 An.
1553 620 1615 662 VI
1636 622 1708 670 50,
1735 621 1810 662 13.

507 764 546 802 4.
606 762 664 805 no
694 761 852 805 dativis
884 761 1080 805 auxiiio
1119 761 1369 816 praesidio
1399 761 1657 807 subsidio.

453 856 719 898 seiunximus
755 868 824 896 eos
861 855 984 905 locos,
1023 856 1066 896 iu
1104 856 1257 909 quibus
1293 858 1395 897 sunt
1430 856 1559 897 verba
1607 854 1814 897 auxilio

351 922 588 976 praesidio
624 921 884 971 subsidio,
924 935 1056 975 quum
1092 923 1252 978 ambigi
1287 923 1434 977 possit,
1472 935 1656 977 quonam
1690 920 1813 961 modo

351 989 395 1029 hi
430 989 565 1030 dativi
602 988 834 1041 accipiendi
870 989 972 1029 sint.
1046 985 1330 1046 Nieffinder¹)
1367 989 1591 1030 discrimen
1616 987 1720 1029 facit
1747 988 1812 1028 in-

350 1058 415 1096 ter
458 1055 675 1096 «dativum
697 1053 966 1096 factitivum»
995 1057 1116 1108 (dare
1146 1055 1279 1107 laudi,
1306 1057 1489 1105 crimini,
1510 1056 1622 1112 sim.)
1641 1058 1684 1096 et
1710 1053 1812 1095 «da-

349 1123 485 1164 tivum
537 1122 881 1177 praedicativum»
941 1125 1145 1179 (receptui
1189 1139 1347 1173 canere,
1391 1125 1553 1164 mittere
1592 1123 1813 1179 praesidio,

349 1193 501 1239 venire,
525 1192 745 1249 proficisci
775 1191 979 1240 subsidio,
1010 1191 1158 1232 habere
1183 1193 1360 1247 quaestui
1377 1191 1471 1246 aL).
1526 1189 1686 1231 Nomen
1708 1184 1813 1243 prae-

349 1257 523 1299 dicativi
577 1258 712 1313 igitur
761 1258 798 1298 ei
845 1258 979 1299 dativi
1026 1259 1172 1313 generi
1227 1258 1392 1300 videtur
1433 1257 1694 1312 imposuisse,
1731 1270 1814 1311 quo

349 1325 479 1379 vulgo
516 1328 675 1379 putant
711 1324 950 1379 significari
970 1325 1191 1366 consilium
1211 1326 1307 1366 finis
1327 1325 1530 1379 propositi
1548 1323 1811 1377 assequendi,

351 1392 461 1445 quod
512 1392 682 1445 quidem
728 1405 880 1432 nomen
923 1394 1035 1432 certe
1071 1392 1164 1433 istis
1200 1392 1355 1433 dativis
1391 1392 1530 1432 minus
1566 1393 1715 1444 aptum
1751 1390 1814 1430 vi-

350 1457 489 1507 detur,
528 1458 562 1498 si
598 1458 767 1512 quidem
804 1458 1061 1512 significatio
1097 1459 1258 1499 consilii
1295 1460 1336 1499 in
1376 1458 1426 1499 iis
1462 1458 1584 1498 inest.
1636 1455 1698 1498 De
1718 1456 1813 1498 aliis

350 1524 634 1566 locutionibus
678 1524 745 1566 hic
780 1538 865 1565 non
907 1525 1170 1565 disseremus.
1242 1525 1439 1566 Dicemus
1476 1528 1616 1566 autem
1653 1523 1703 1564 de
1740 1537 1811 1564 vo—

350 1591 469 1632 cibus
509 1591 684 1638 auoeilz'o,
707 1592 928 1648 praesidio,
960 1591 1149 1633 subsidio
1179 1594 1330 1642 venire,
1367 1592 1539 1641 mittere,
1571 1590 1665 1631 sim.
1720 1588 1808 1630 Du-

349 1658 479 1700 bitari
528 1673 631 1700 sane
680 1662 832 1712 potest,
883 1673 968 1711 qua
1013 1659 1081 1700 via
1117 1673 1165 1700 ac
1201 1660 1366 1701 ratione
1402 1657 1689 1712 intellegenda
1724 1658 1812 1698 sint

349 1725 478 1766 verba
526 1725 600 1767 illa
644 1725 806 1767 auxilio
836 1727 1009 1776 mittere,
1046 1727 1192 1766 utrum
1228 1726 1422 1780 putanda
1457 1725 1545 1767 sint
1579 1724 1688 1765 idem
1722 1737 1813 1765 esse

350 1791 459 1846 quod
499 1790 678 1833 'mittere
715 1791 896 1846 (copias)
933 1792 985 1834 ad
1022 1792 1228 1834 auxilium
1264 1793 1327 1833 ve]
1355 1806 1403 1833 eo
1433 1791 1606 1834 consilio
1624 1793 1672 1832 ut
1691 1791 1812 1832 auxi-

351 1858 408 1899 lia
457 1859 559 1906 sint,
601 1863 650 1899 ut
687 1856 957 1900 auxilientur'
1001 1885 1050 1890 —
1094 1861 1185 1900 tum
1223 1860 1385 1901 auxilio
1415 1861 1479 1900 est
1496 1858 1667 1900 dativus
1703 1856 1812 1899 fina-

350 1924 405 1965 lis
443 1950 519 1975 —-‚
558 1939 613 1966 an
652 1926 794 1979 copias
831 1925 991 1967 amilio
1022 1927 1140 1968 mitto
1171 1926 1278 1968 idem
1316 1927 1373 1968 sit
1407 1926 1517 1981 quod
1542 1923 1693 1979 'copias
1712 1925 1812 1965 mit-

350 1994 446 2034 tens
482 1992 575 2034 volo
612 1993 771 2047 (iubeo)
807 2007 878 2034 eas
916 1993 1073 2035 auxilio
1118 1993 1221 2036 esse'
1263 2020 1316 2026 —-
1364 1995 1400 2036 si
1436 1995 1498 2036 ita
1535 1995 1613 2043 est,
1651 1992 1812 2034 auxilio

350 2073 426 2112 pro
473 2059 616 2101 dativo
663 2060 845 2102 effectus
893 2060 1181 2116 accipiendum
1228 2065 1307 2103 est.
1378 2060 1469 2102 Hoc
1504 2058 1811 2115 praeferendum

349 2127 484 2176 credo,
532 2128 641 2181 quod
686 2129 816 2169 etiam
853 2128 898 2168 in
933 2130 1166 2170 vetustiore
1204 2129 1421 2170 latinitate
1456 2128 1614 2169 dicitur
1650 2126 1811 2168 auoeilio

350 2208 433 2235 6886
485 2194 602 2249 (inde
650 2209 675 2236 a
721 2193 865 2236 Plauti
919 2195 1181 2250 temporibus
1225 2198 1442 2250 persaepe),
1481 2194 1688 2250 praesidio
1729 2207 1812 2235 6886

349 2260 496 2315 (Varr.
535 2260 668 2312 R.R.,
705 2261 788 2304 Cic.
828 2262 909 2317 al.)
946 2263 1135 2305 subsidio
1165 2278 1249 2304 6886
1284 2262 1385 2316 (Cic.
1423 2260 1696 2318 Caes.),unde
1731 2260 1812 2302 illae

349 2327 579 2370 locutiones
615 2331 767 2379 venire,
810 2331 971 2371 mittere
1007 2330 1169 2372 auxilio
1205 2330 1298 2371 sim.
1339 2329 1535 2372 videntur
1570 2328 1812 2370 manavisse

347 2398 388 2436 et
427 2396 469 2436 in
507 2395 656 2452 lingua
701 2396 879 2438 militari
916 2397 1188 2438 inveterasse.
1233 2397 1410 2440 Auxilio
1440 2411 1524 2438 6886
1543 2395 1726 2437 eiusdem
1745 2397 1810 2436 est

346 2465 515 2517 generis
554 2467 683 2519 atque
719 2465 830 2512 usui,
861 2465 1101 2506 adiumento
1131 2479 1227 2506 6886.
1286 2464 1405 2507 Inter
1439 2463 1568 2506 verba
1584 2478 1668 2506 6886
1684 2463 1810 2505 amfi-

350 2529 406 2569 lio
436 2533 479 2571 et
510 2533 671 2572 mittere
702 2531 864 2572 auoez'lio
896 2530 1041 2572 eadem
1079 2531 1165 2572 fere
1181 2532 1291 2574 ratio
1310 2531 1532 2574 intercedit
1551 2533 1681 2584 atque
1697 2530 1810 2571 inter

348 2612 431 2637 esse
462 2598 581 2639 laudi
611 2603 654 2640 et
690 2601 793 2640 dare
823 2598 957 2639 laudi.
1026 2598 1214 2650 Accedit,
1253 2600 1362 2653 quod
1399 2599 1569 2641 dativus
1603 2597 1746 2639 finalis
1765 2596 1808 2636 in

345 2666 577 2707 vetustiore
615 2666 754 2708 latina
794 2666 939 2721 lingua
976 2665 1149 2707 omnino
1186 2680 1267 2708 non
1305 2665 1488 2709 inveniri
1524 2664 1691 2706 videtur
1726 2661 1808 2704 nisi

415 2783 443 2828 ¹)
468 2787 541 2818 Der
564 2788 735 2822 factitive
760 2789 915 2822 Dativus
939 2791 978 2822 in
1003 2790 1075 2822 den
1100 2789 1216 2823 Cicer.
1243 2789 1343 2822 Schr.
1367 2799 1402 2831 p.
1428 2791 1460 2821 6.
