2032 3286
371 265 374 269 ⁴
402 219 425 255 8

346 332 434 373 sint
480 344 573 386 quae
619 330 740 372 futur
814 330 916 381 siut,
965 333 1007 372 et
1053 329 1097 371 111
1144 328 1221 371 hoe
1256 343 1348 371 eam
1402 343 1504 378 rem,
1539 330 1656 385 quod·
1685 332 1804 386 pueri

347 400 410 440 ita
421 392 615 440 celeriter
627 342 810 448 (1130οΏ
824 397 978 439 afferre
987 395 1207 456 (praebere)
1220 410 1425 452 magnum
1440 395 1764 452 argumentum¹
1773 402 1802 455 ).

345 465 612 521 Quamquam
649 465 773 507 facile
809 464 985 506 concedo
1021 477 1105 505 non
1142 467 1346 519 magnam
1381 477 1473 505 esse
1506 464 1619 508 inter
1641 468 1806 508 utrum-

346 547 429 588 que
476 533 640 574 dicendi
690 547 824 587 genus
872 531 1173 573 differentiam.
1249 530 1328 573 Sed
1373 531 1415 572 id
1464 532 1663 585 perfacile
1714 533 1808 588 qui-

349 601 412 642 vis
474 600 553 641 sibi
614 600 870 654 persuaserit
923 598 1020 640 huie
1074 598 1321 639 elocutionis
1381 598 1636 641 differentiae
1686 613 1807 642 suam

347 682 440 709 esse
482 681 653 709 causam
697 680 900 720 suamque
924 714 931 719 ἱ
953 665 1177 707 rationem.
1250 664 1300 706 In
1342 666 1458 707 omni
1509 667 1677 709 exculta
1724 667 1807 709 lin-

348 748 435 789 gua
473 733 699 774 locutiones
744 735 932 782 exstant,
970 745 1064 786 quae
1098 732 1235 785 specie
1270 732 1440 786 quidem
1475 735 1578 774 sunt
1611 734 1808 775 consimi-

349 801 410 841 les
458 800 683 853 eodemque
720 798 915 840 videntur
950 799 1099 848 redire,
1136 798 1208 840 sed
1244 812 1391 852 reapse
1426 799 1540 841 inter
1574 814 1619 841 se
1652 799 1808 842 discre-

349 870 455 921 pant
503 869 543 906 et
591 865 641 906 ad
690 865 926 906 orationem
975 864 1183 906 varietate
1231 865 1414 906 colorum
1461 865 1808 921 distinguendam

351 933 577 987 plurimum
616 932 773 974 valent.

446 999 552 1041 Tum
605 999 1028 1041 animadvertendum
1077 1003 1142 1042 est
1182 997 1392 1054 Robyum‚
1431 1014 1485 1042 ne
1524 1013 1576 1042 ex
1611 1000 1701 1042 eius
1737 1014 1808 1042 ex-

351 1067 533 1120 plicandi
570 1067 734 1108 ratione
770 1068 986 1108 sententia
1023 1067 1141 1109 nulla
1177 1068 1360 1108 exsistat
1387 1067 1452 1108 vel
1470 1081 1618 1108 sensus
1639 1081 1808 1121 prorsus

347 1137 580 1183 evertatur,
633 1148 815 1188 persaepe
864 1134 1017 1176 addere
1063 1148 1219 1183 vocem,
1257 1148 1342 1189 qua
1376 1133 1646 1189 significatur
1681 1149 1809 1177 causa

346 1202 410 1242 vel
461 1202 547 1242 tale
582 1201 696 1255 quid,
735 1205 783 1242 ut
820 1202 1087 1252 absolutioni,
1118 1203 1289 1243 crimini
1326 1199 1499 1256 'ground
1536 1201 1602 1242 for
1645 1202 1810 1256 acquit-

345 1268 423 1316 tal,
461 1266 646 1323 charge',
689 1268 895 1324 voluptati
930 1270 969 1310 'a
1005 1283 1150 1310 source
1183 1269 1230 1309 os
1261 1266 1480 1322 pleasure'‚
1518 1266 1682 1310 curoe'a
1710 1268 1810 1310 sub-

342 1335 431 1389 ject
469 1336 534 1375 for
569 1333 691 1377 care'.
762 1334 1006 1376 Mirandum
1048 1335 1215 1376 videtur
1249 1338 1292 1376 et
1327 1348 1379 1376 ex
1409 1349 1496 1388 quo
1530 1335 1655 1388 quasi
1694 1334 1810 1376 fonte

349 1401 436 1442 haee
473 1401 676 1442 voeabula
707 1373 949 1445 inaurienda
991 1402 1078 1443 sint
1115 1404 1159 1442 et
1194 1415 1382 1456 quanam
1418 1415 1469 1442 ex
1500 1415 1630 1443 causa
1650 1401 1809 1443 factum

349 1469 419 1518 sit,
467 1471 514 1508 ut-
562 1468 603 1509 in
642 1468 706 1509 his
737 1468 899 1509 dicendi
946 1469 1174 1524 generibus
1209 1483 1285 1523 pro
1321 1482 1368 1508 eo
1402 1482 1517 1518 casu,
1553 1469 1624 1522 qui
1662 1468 1810 1523 praedi-

348 1535 432 1576 cati
470 1535 557 1575 vice
592 1535 748 1589 ubique
784 1534 996 1590 fungitur.
1034 1535 1125 1577 dieo
1144 1531 1408 1576 nominativo
1427 1535 1509 1589 (vel
1530 1535 1806 1589 accusativo),

348 1602 471 1650 alius,
511 1602 576 1643 cui
615 1602 728 1643 aliud
765 1608 808 1643 et
844 1617 966 1643 suum
1003 1606 1069 1644 est
1104 1617 1272 1651 1111111113,
1312 1601 1578 1644 adhibeatur.

448 1668 562 1710 Satis
611 1672 789 1723 apparet
833 1669 945 1710 hunc
989 1670 1194 1719 dativum,
1233 1670 1310 1710 etsi
1348 1682 1432 1710 non
1471 1682 1547 1723 pro
1583 1669 1810 1723 praedicato

348 1735 615 1790 accipiendus
650 1737 720 1786 sit,
766 1736 806 1777 id
851 1751 990 1791 agere,
1026 1740 1075 1778 ut
1112 1736 1253 1784 verba,
1291 1750 1384 1790 quae
1419 1736 1513 1790 ipsa
1548 1736 1601 1778 ad
1637 1740 1810 1778 senten-

345 1803 452 1842 tiam
491 1802 749 1843 efferendam
786 1816 867 1843 non
905 1803 1139 1852 sufficiant,
1178 1804 1289 1844 iuste
1318 1803 1503 1856 expleat.
1557 1802 1636 1844 Sed
1663 1803 1809 1844 eadem

346 1873 412 1910 est
447 1870 557 1910 ratio
593 1869 780 1924 genetivi
816 1873 859 1911 et
896 1870 1072 1912 ablativi
1109 1870 1347 1924 qualitatis,
1388 1859 1523 1924 neque
1560 1865 1702 1912 tamen
1733 1869 1808 1911 hos

346 1950 469 1978 casus
505 1937 549 1977 111
587 1937 667 1977 isto
697 1950 776 1978 usu
812 1951 887 1992 pro
922 1937 1160 1991 praedicatis
1196 1936 1415 1978 habemus.

447 2002 537 2045 Iam
586 2004 621 2045 si
675 2004 915 2059 quaerirnus‚
966 2019 1094 2059 quam
1147 2004 1231 2045 vim
1280 2003 1719 2059 significationemque
1768 2003 1808 2045 id

345 2071 478 2112 dativi
515 2085 666 2126 genus,
705 2071 755 2113 de
790 2086 873 2126 quo
907 2072 1101 2119 dicimus,
1139 2071 1293 2113 habere
1333 2071 1541 2113 videatur.
1582 2070 1658 2113 hoc
1686 2085 1735 2112 ex
1761 2085 1809 2112 eo

346 2137 541 2183 efficitur.
593 2139 704 2193 quod
757 2139 842 2181 iam
890 2139 1177 2181 disseruimus.
1249 2137 1524 2181 Ostendimus
1569 2139 1684 2180 enim
1733 2138 1809 2180 hoc

345 2204 488 2246 dativo
525 2206 774 2261 significari,
809 2206 908 2261 quid
946 2207 1091 2261 aliqua
1128 2220 1192 2247 res
1220 2205 1393 2253 afferat,
1413 2203 1588 2255 efficiat,
1608 2220 1738 2260 quam
1755 2206 1809 2247 ob

344 2286 515 2314 causam
535 2272 588 2315 ad
608 2287 754 2315 verum
789 2288 920 2328 quam
956 2275 1145 2328 proxime
1181 2272 1376 2315 accedere
1414 2271 1617 2324 videmur,
1654 2273 1690 2315 si
1707 2272 1809 2315 dici-

345 2354 438 2380 mus
474 2340 586 2382 hunc
621 2341 755 2383 dativi
790 2356 915 2383 usum
950 2341 1243 2383 demonstrare
1277 2339 1477 2381 effectum
1509 2341 1722 2395 quendam
1742 2341 1808 2382 vel

347 2406 519 2462 aliquid,
557 2408 665 2462 quod
703 2423 753 2450 ea
789 2423 870 2458 res,
909 2408 1028 2449 cuius
1064 2408 1225 2449 mentio
1260 2407 1323 2457 fit,
1362 2407 1486 2449 alicui
1523 2403 1722 2464 efficit2).

415 2538 442 2579 ¹)
467 2543 520 2573 Ex
544 2542 613 2574 hac
650 2541 793 2573 ratione
831 2541 1092 2582 intellegimus,
1125 2542 1232 2582 quod,
1269 2544 1310 2574 ut
1334 2542 1444 2573 docet
1474 2541 1634 2582 Madvig,
1664 2542 1807 2574 Latein.

346 2596 505 2636 Sprachl.
531 2595 548 2637 ξ
581 2598 647 2628 249
683 2607 778 2636 ann„
803 2597 849 2629 ab
886 2597 1036 2638 optimis
1072 2597 1315 2638 scriptoribus
1351 2598 1529 2637 sequente
1553 2596 1807 2629 enuntiatione

345 2652 560 2684 secundaria
597 2653 734 2686 dicitur
757 2655 948 2685 maoeimum
972 2656 1024 2685 est
1048 2656 1302 2696 argumentum,
1326 2662 1398 2684 non
1422 2651 1537 2685 facile
1561 2652 1650 2684 item
1675 2655 1726 2684 est
1750 2662 1807 2684 ar·

337 2711 550 2750 qumentnm,
573 2711 823 2743 documentum.

413 2760 443 2803 ²)
458 2763 557 2794 Dicit
570 2764 715 2807 Madvig
728 2767 750 2797 1.
765 2777 794 2798 0.
811 2765 830 2808 §
850 2768 916 2799 249
935 2767 1004 2799 hoc
1025 2767 1150 2799 dativo
1169 2765 1368 2807 significari
1390 2766 1565 2798 effectum
1585 2763 1806 2804 (wirkung).
