2032 3286
1605 225 1653 261 21

259 357 372 382 sura.
431 339 575 383 Habet
610 342 737 383 codex
766 341 823 383 M.
862 348 1082 390 ostenta,
1112 339 1221 395 quod
1241 338 1285 379 in
1303 347 1503 382 ostentata
1532 340 1716 382 correxit

259 407 452 456 Ernesti;
488 407 540 449 ef.
580 408 775 450 Wfflfflin
815 408 962 450 Philol.
1000 406 1157 458 XXVI,
1194 405 1308 446 114.

358 474 554 529 Quinque
592 475 726 530 igitur
761 475 825 516 vel
861 475 1042 517 fortasse
1078 488 1151 515 sex
1185 473 1308 522 locos,
1344 474 1416 526 qui
1450 473 1562 515 hune
1592 489 1715 516 usum

258 541 463 596 praebent,
518 542 630 596 apud
678 542 875 583 Tacitum
928 542 1180 582 invenimus.
1261 539 1403 593 Atque
1456 541 1565 594 apud
1612 541 1715 583 alios

259 609 485 662 scriptores
523 609 677 656 latinos
711 609 928 651 universos
965 608 1239 663 paucissimos
1274 606 1398 648 huius
1424 608 1589 662 generis
1606 608 1714 650 locos

258 675 410 717 allatos
446 676 643 717 vidimus.
714 675 823 718 Sunt
859 676 919 717 illi
956 675 1032 716 loci
1071 675 1126 716 hi.
1165 674 1287 715 Lucr.
1324 673 1475 715 V875
1514 675 1596 716 Izaec
1619 676 1717 717 aliis

252 743 408 798 proedoe
454 742 649 799 lucroque
691 744 892 785 iacebant.
953 741 1216 784 Pseudo-Cic.
1260 755 1320 782 or.
1371 743 1602 796 antequam
1637 743 1717 783 iret

256 809 301 849 in
337 808 455 849 exsil.
497 809 540 860 4,
585 810 641 850 10
681 810 830 866 Itaque
872 811 982 867 quod
1008 810 1159 866 putavi
1186 809 1286 865 fore
1319 809 1538 863 qaudiu⁷72‚
1569 810 1616 850 id
1645 824 1716 850 εω-

257 877 364 916 stitit
395 877 536 926 exitio,
568 877 609 917 in
648 891 731 930 quo
767 877 854 917 loco
890 877 1108 918 scribendo
1123 876 1332 917 fluctuant
1352 875 1544 917 editores.
1591 875 1717 917 Klotz

256 941 388 984 habet
425 944 471 984 id
501 945 658 985 eoestitit
690 945 876 985 mitium.
936 943 1043 985 Plin.
1081 942 1193 985 Hist.
1232 941 1334 984 Nat.
1369 942 1598 997 XXVIII§
1623 943 1713 985 106

254 1010 446 1051 omnibus
475 1012 571 1052 odio
588 1012 725 1052 venire
744 1015 786 1052 et
806 1012 861 1051 ib.
885 1010 989 1052 XIV
1007 1011 1030 1064 ξ
1051 1011 1107 1052 37
1131 1011 1260 1051 evenit
1290 1010 1363 1050 hoc
1393 1018 1429 1051 et
1459 1011 1715 1066 quibusdam

257 1076 354 1118 aliis
383 1079 561 1133 pessimi
595 1079 760 1133 yeneris
795 1086 1050 1133 aryumento,
1089 1078 1131 1118 in
1168 1092 1250 1132 quo
1286 1076 1474 1130 proximo
1510 1078 1596 1119 loeo
1631 1076 1717 1119 for-

255 1147 370 1185 tasse
407 1158 480 1198 pro
517 1144 661 1186 dativo
699 1145 938 1186 ablativum
962 1159 1049 1186 esse
1070 1144 1307 1198 putandum
1326 1146 1403 1185 est.
1459 1144 1572 1186 Duos
1593 1144 1714 1195 locos,

257 1211 301 1251 in
339 1211 493 1265 quibus
530 1214 633 1252 sunt
667 1225 786 1252 voees
824 1211 986 1252 aua-ilio
1009 1213 1228 1267 proesidio,
1264 1210 1377 1251 infra
1413 1211 1652 1252 afferemus.

258 1371 295 1413 3.
358 1371 416 1417 De
455 1371 603 1417 dativo
647 1370 845 1417 effectus
890 1371 1122 1417 coniuncto
1164 1382 1259 1416 cum
1296 1371 1541 1417 transitivis
1570 1371 1718 1417 verbis

630 1439 757 1483 dare
789 1439 982 1483 habere
1012 1450 1218 1484 sumere
1249 1439 1345 1483 sim.

359 1531 408 1573 In
447 1532 511 1574 his
548 1532 830 1574 locutionibus
867 1534 1123 1586 usurpandis
1159 1533 1267 1575 nihil
1302 1533 1387 1575 fere
1424 1533 1479 1575 ab
1517 1549 1596 1575 usu
1633 1534 1719 1588 pri-

252 1611 376 1640 orum
414 1600 666 1653 scriptorum
704 1599 893 1642 recedere
932 1601 1098 1642 videtur
1132 1599 1317 1642 Tacitus.
1390 1600 1578 1641 Primum
1610 1601 1719 1642 locos

253 1665 476 1708 afferimus
514 1666 566 1707 ad
603 1666 966 1721 significat-ionum
1005 1668 1295 1710 diversitatem
1330 1668 1596 1709 disbributos.

254 1801 307 1845 B.
393 1800 611 1850 Honori,
675 1804 999 1858 ignominiae,
1060 1804 1225 1853 laudi,
1290 1805 1501 1844 crimini
1557 1804 1719 1845 alicui

234 1866 239 1875 ⁸
794 1870 940 1920 dare,
980 1869 1187 1913 habere.

356 1947 566 1989 Honori
598 1949 785 1990 habere
816 1948 974 2005 (Sall.).
1013 1950 1096 1990 An.
1135 1948 1297 1998 11132,
1322 1950 1346 1990 9
1369 1951 1541 1989 adverso
1558 1956 1716 1998 senatu,

255 2015 328 2069 qui
360 2044 368 2053 .
397 2044 406 2053 .
436 2045 444 2054 .
472 2046 481 2054 .
504 2022 712 2070 paternas
756 2017 794 2056 ei
838 2016 1054 2070 anyustias
1084 2023 1121 2056 et
1158 2015 1415 2056 nobilitatem
1446 2017 1534 2055 sine
1558 2015 1718 2071 probro

255 2088 392 2122 actam
423 2080 612 2122 honori
641 2097 766 2138 quam
797 2083 1037 2136 iynominiae
1066 2082 1265 2123 kabend
1276 2097 1352 2122 am
1383 2082 1583 2123 ducebam

354 2148 670 2203 Iynominioe
713 2149 901 2190 habere
937 2149 1062 2204 (esse
1115 2148 1238 2206 Liv.).
1287 2139 1376 2189 Es‘cv
1409 2149 1451 2189 in
1500 2149 1586 2189 loco
1631 2148 1718 2190 iam

255 2229 388 2269 nuper
426 2215 571 2266 allato,
610 2215 681 2257 ubi
720 2217 822 2261 voci.
860 2230 951 2271 quae
975 2218 1039 2257 est
1063 2215 1272 2265 honori,
1301 2215 1594 2271 subiungitur:
1631 2215 1716 2258 An.

257 2280 319 2322 III
359 2283 434 2331 32,
476 2284 502 2323 9
541 2285 847 2338 iynominioe
879 2284 1173 2324 habendam.

353 2349 533 2391 Laudi
563 2352 693 2392 dare
728 2351 861 2407 (Oica).
901 2350 979 2392 Est
1015 2351 1131 2392 varia
1166 2350 1288 2391 lectio
1324 2349 1374 2390 D.
1418 2351 1491 2399 19,
1522 2351 1576 2391 10
1598 2350 1720 2392 laudi

254 2417 439 2457 dabatur
485 2431 560 2471 pro
609 2431 670 2463 eo,
715 2418 823 2472 quod
862 2418 1021 2459 habent
1057 2416 1185 2458 Halm
1221 2416 1343 2457 Peter
1380 2417 1465 2465 alii,
1504 2417 1721 2459 laudabat.

357 2484 584 2526 Crimini
614 2486 739 2526 dare
775 2484 875 2539 (Cic.
912 2485 1000 2527 Liv.
1040 2485 1148 2537 alii).
1204 2484 1287 2526 An.
1327 2483 1443 2534 173,
1469 2485 1494 2525 9
1518 2484 1722 2528 Rubrio

254 2552 477 2592 crimini
506 2552 740 2592 dabatur
768 2553 968 2593 violatum
989 2553 1184 2609 periurio
1215 2566 1363 2592 numen
1380 2553 1575 2606 Auyusti.
1637 2555 1720 2594 An.

253 2616 313 2660 VI
357 2618 429 2667 18,
475 2618 530 2659 12
569 2618 768 2660 Datum
800 2628 913 2660 erat
944 2620 1185 2669 crimini,
1216 2621 1326 2675 quod
1354 2633 1440 2673 eqS.
1495 2619 1577 2661 An.
1616 2619 1722 2662 XIII

258 2684 332 2734 10,
373 2685 398 2725 9
441 2685 682 2743 euifavor
698 2687 742 2726 in
758 2686 1062 2727 Britannicum
1092 2687 1309 2727 crimini
1339 2687 1577 2728 dabatur.
1638 2688 1718 2729 An.

253 2750 356 2793 XVI
405 2753 481 2802 23,
524 2753 549 2794 6
595 2753 679 2795 Sed
709 2755 925 2795 crimini
966 2755 1192 2795 dabatur
1239 2755 1428 2795 amicitia
1459 2755 1606 2797 Plauti
1634 2768 1719 2808 eqs.
