2032 3286
1481 206 1530 243 13

250 317 471 359 Crimini
500 318 667 359 alicui
705 334 821 366 esse,
868 318 978 373 quod
1014 321 1057 359 et
1092 318 1203 371 apud
1238 317 1475 360 Ciceronem
1511 319 1582 360 Li-

149 384 261 425 vium
290 383 345 424 al.
375 384 531 439 legitur
548 387 592 426 et
609 385 777 439 quidem
796 385 905 440 apud
925 385 1122 427 Tacitum
1140 386 1224 425 An.
1247 383 1288 425 ΙΙ
1306 386 1382 436 50,
1411 386 1430 425 l
1444 386 1464 426 1
1492 387 1589 428 dein

142 451 341 508 'proximo
372 459 537 493 senatus
581 453 648 493 die
691 452 807 494 illius
851 467 1010 509 quoque
1039 453 1203 493 nomine
1242 454 1390 502 oravit,
1420 468 1469 493 ne
1500 469 1521 494 c
1532 455 1589 494 ui

147 519 272 560 verba
305 519 350 560 in
386 534 475 560 eam
514 534 677 576 quoquo
718 522 839 562 modo
876 521 1019 574 habita
1058 520 1270 561 crimini
1290 520 1412 577 fore
1426 535 1450 560 n
1464 529 1490 562 t.

248 585 371 639 Apud
408 586 511 627 alios
547 587 768 641 scriptores
804 587 890 629 haec
926 588 1038 629 dicta
1075 601 1158 628 non
1194 587 1446 628 invenimus.

246 653 586 695 Absolutioni
616 654 779 696 alicui
808 671 926 697 esse.
986 654 1129 696 Unum
1155 658 1222 695 est
1245 653 1368 695 huius
1398 655 1589 696 vocabuli

149 719 399 772 exemplum,
445 720 516 761 ubi
553 720 625 761 alii
661 721 859 762 vocabulo
895 721 1185 775 subiungit-ur:
1223 723 1307 761 An.
1346 720 1411 761 ῙΙΙ
1453 722 1473 761 1
1484 722 1527 771 3,
1563 722 1588 761 5

145 786 256 841 quod
285 800 412 841 neque
442 788 671 828 convictum
700 803 815 845 noaeoe
836 804 931 838 reo,
961 790 999 829 si
1022 790 1202 829 recentia
1212 796 1435 843 puryaret,
1466 803 1593 843 neque

144 851 361 909 defensum
391 868 417 894 a
427 854 450 894 b
459 869 478 894 s
488 852 536 895 o'l
545 868 573 894 u
583 861 597 894 t
608 855 713 896 ioni
736 869 755 895 e
764 870 787 895 r
795 870 820 895 a
830 862 857 904 t,
877 857 913 896 si
920 881 923 884 «
931 862 1134 896 teneretur
1151 855 1382 896 maioribus
1390 854 1590 912 flayitiis.

246 919 628 961 Obtrectationi
664 936 767 962 esse
814 921 978 962 alicui
1028 920 1174 962 Tacito
1226 922 1441 975 proprium
1479 921 1591 962 vide-

143 986 215 1026 tur
250 999 353 1027 esse.
424 986 529 1042 Agr.
573 987 612 1038 1,
655 988 707 1029 11
748 1003 820 1030 nec
857 989 904 1030 id
932 988 1141 1030 Rutilio
1177 996 1223 1030 et
1252 988 1445 1031 Scauro
1476 990 1584 1030 eitra

134 1053 267 1110 fidem
298 1061 370 1094 aut
400 1056 772 1096 obtrectationi
792 1056 923 1113 fuit.

245 1130 514 1174 Anuotamus
557 1133 697 1183 verba,
743 1134 887 1187 qualia
939 1136 1040 1174 suut
1092 1131 1192 1174 'esse
1245 1134 1371 1175 alicui
1426 1135 1587 1182 honori,

144 1197 294 1248 decori,
343 1199 542 1247 dedecori,
590 1199 789 1249 infamiae,
829 1201 983 1255 gloriae,
1028 1200 1155 1250 laudi,
1193 1201 1336 1255 culpae,
1375 1202 1591 1255 vitupera-

145 1263 276 1312 tioni',
316 1266 426 1315 sim.,
465 1266 576 1320 apud
612 1266 715 1308 alios
752 1268 975 1321 scriptores
1010 1267 1160 1319 saepius
1186 1268 1374 1319 rat-iusve
1393 1268 1586 1318 inveniri,

145 1331 255 1386 apud
292 1331 487 1374 Tacitum
523 1347 747 1387 nusquam.

145 1478 193 1522 C.
264 1478 385 1520 Esse
430 1479 586 1520 alicui
632 1479 785 1527 bono,
830 1479 965 1527 usui,
1013 1479 1279 1531 praesidio,
1325 1480 1593 1522 obtentui,

224 1545 613 1600 impedimento,
657 1546 815 1595 oneri,
862 1560 1018 1594 noxae,
1065 1546 1245 1595 exitio,
1291 1547 1512 1588 excidio.

243 1634 392 1687 Tacito
423 1661 514 1688 cum
553 1647 760 1701 prioribus
797 1647 1069 1701 scriptoribus
1106 1648 1343 1688 communia
1378 1651 1480 1688 suut
1507 1647 1593 1688 haec

140 1713 265 1754 dicta.

238 1780 387 1822 Bono
418 1781 586 1822 alicui
615 1796 742 1830 esse,
776 1795 827 1822 ex
846 1796 924 1822 usu
950 1780 1158 1823 Ciceronis
1178 1782 1440 1836 aliorumque
1459 1782 1593 1835 scrip-

141 1849 282 1887 torum
318 1848 498 1915 perbene
534 1849 764 1902 cognitum,
788 1853 853 1889 est
889 1847 940 1888 D.
982 1850 1024 1897 9,
1065 1850 1090 1889 6
1129 1849 1250 1890 Licet
1279 1849 1362 1890 hoec
1386 1851 1482 1904 ipsa
1499 1880 1507 1889 .
1526 1880 1536 1889 .
1556 1880 1565 1889 .
1585 1880 1593 1889 .

144 1929 265 1956 aures
304 1921 394 1964 tuce,
439 1915 644 1965 Materne,
684 1922 895 1971 respuant,
938 1917 1020 1957 cui
1067 1915 1188 1957 bono
1218 1924 1304 1966 est,
1342 1917 1379 1957 si
1409 1917 1528 1972 apud
1558 1923 1594 1957 te

141 1983 428 2036 Ayamemnon
459 1989 531 2022 aut
560 1983 690 2023 Iason
721 1983 872 2022 diserte
902 1983 1098 2037 loquitur.

249 2058 375 2099 Usui
405 2058 572 2100 alicui
601 2074 708 2100 esse
738 2058 896 2100 dietum
932 2061 996 2100 est
1032 2059 1128 2100 inde
1164 2075 1188 2101 a
1224 2059 1366 2100 Plauti
1391 2059 1592 2113 tempori-

143 2126 219 2167 bus
255 2125 567 2181 pervulgatum.
614 2125 652 2167 A
686 2125 838 2167 Plauto
857 2126 983 2167 semel
1004 2126 1173 2168 additur
1191 2126 1457 2176 adiectivum,
1483 2126 1592 2181 quod

143 2196 207 2235 est
241 2191 387 2243 'bono'‚
410 2208 434 2235 a
451 2192 645 2235 Cicerone
671 2193 897 2248 saepissime
926 2193 1218 2248 adiunguntur
1236 2193 1456 2244 adiectim,
1488 2208 1594 2248 qua-

143 2260 201 2302 lia
237 2262 338 2302 sunt
374 2258 555 2316 'magno.
575 2261 791 2311 ‚maximo,
829 2258 956 2302 nullo'
991 2261 1085 2302 sim.
1157 2260 1255 2302 Loci
1297 2260 1457 2303 Tacitei
1493 2263 1594 2302 sunt

143 2326 207 2383 hiq
242 2326 296 2368 H.
336 2327 355 2368 I
395 2328 469 2375 79,
513 2328 570 2368 14
614 2329 698 2370 Sed
728 2336 814 2369 tum
843 2329 987 2369 umido
1018 2329 1085 2369 die
1114 2336 1150 2369 et
1180 2328 1311 2370 soluto
1339 2328 1434 2383 yelu
1465 2343 1592 2383 neque

147 2396 257 2436 conti
295 2409 421 2450 neque
454 2395 606 2450 9ladii,
645 2411 746 2452 quos
778 2395 1014 2452 proelonyos
1049 2403 1224 2451 utraque
1268 2411 1395 2436 manu
1433 2402 1593 2450 reglum,

144 2463 279 2511 usui,
310 2455 573 2518 lapsantibus
610 2464 727 2519 equis
756 2470 793 2504 et
823 2463 1153 2520 catafractarum
1175 2464 1372 2519 pondere.
1437 2460 1490 2502 H.
1529 2460 1595 2502 III

148 2529 191 2578 5,
234 2529 255 2569 1
310 2529 496 2571 Ceterum
532 2537 578 2571 ut
608 2531 885 2572 transmittere
914 2531 959 2571 in
988 2530 1162 2572 Italiam
1193 2530 1340 2571 bellum
1370 2530 1526 2585 inpune
1555 2537 1593 2571 et

144 2597 265 2637 uisui
300 2596 459 2654 foret,
503 2598 707 2653 scriptum
741 2611 828 2651 eqs.
906 2596 959 2638 H.
998 2596 1065 2638 III
1103 2598 1179 2649 20,
1217 2598 1276 2638 23
1313 2596 1438 2637 simul
1485 2596 1597 2639 liras

113 2671 115 2673 ’
147 2663 387 2720 calonesque
418 2679 509 2705 cum
538 2665 832 2706 recentissimis
862 2665 1043 2721 equitum
1073 2666 1331 2707 Bedriacum
1350 2665 1493 2715 mittit,
1525 2680 1595 2707 co-

143 2732 245 2786 pias
286 2738 495 2787 ceteraque
532 2734 650 2773 usui
686 2730 915 2773 adlaturos.
979 2730 1127 2773 Cetera
1170 2732 1263 2772 usui
1300 2730 1328 2772 i.
1367 2745 1403 2773 e.
1441 2735 1593 2781 cetera,
