2032 3286
411 237 461 270 30

354 372 408 379 —-
448 348 535 390 An.
574 346 655 391 XV
695 350 770 399 10,
811 351 870 393 20
908 352 1094 407 expediri
1130 358 1261 394 tamen
1290 350 1475 392 itineri
1501 348 1661 404 sinyula
1690 348 1805 392 milia

345 430 395 457 ea:
439 415 567 457 tribue
604 417 827 474 leyionibus
849 450 858 459 .
877 451 885 460 .
904 450 940 460 ..
972 420 1088 460 iussit
1121 418 1149 460 i.
1179 432 1215 460 e.
1254 415 1320 460 ’ad
1364 417 1446 459 iter
1487 415 1728 459 faciendum
1746 410 1803 474 ¹),

344 484 395 523 ut
429 481 637 535 proficisci
674 482 874 539 possent’.
913 509 978 518 --
1013 484 1097 527 An.
1118 484 1198 528 XV
1236 485 1313 536 28,
1356 484 1414 526 14
1450 486 1495 527 in
1523 491 1655 526 castra
1689 483 1804 525 Tiri-

345 550 454 590 datis
500 565 650 601 venere,
694 552 883 593 honori
911 554 995 594 eius
1023 569 1070 594 ac
1107 568 1154 594 ne
1184 560 1378 594 metueret.
1415 552 1587 593 insidiae
1626 548 1699 591 tali
1731 551 1804 606 pi-

342 631 482 672 gnore,
518 631 697 671 quocum
734 617 978 660 conferatur
1012 619 1096 661 An.
1133 618 1177 661 ΙΙ
1216 619 1257 670 7,
1297 619 1341 660 9.

446 682 570 725 Addo
613 685 761 727 dubios
805 684 879 726 hos
924 686 1046 728 locos.
1085 684 1141 728 H.
1178 685 1199 727 Ι
1236 685 1312 736 44,
1358 686 1413 727 13
1458 698 1670 740 omnesque
1705 699 1800 724 cou-

343 751 454 805 quiri
488 758 523 791 et
552 752 720 808 interfici
748 753 879 799 iussit,
918 769 998 795 non
1026 754 1210 795 honori
1237 752 1389 801 Galboe‚
1420 754 1489 794 sed
1518 752 1665 793 tradito
1678 753 1802 807 prin-

343 817 497 872 cipibus
526 832 645 861 more.
710 818 780 860 Ita
815 816 1070 874 Nipperdey,
1109 819 1240 862 Halm
1275 819 1404 862 habet
1438 817 1600 862 honore.
1670 816 1715 861 Si
1749 817 1802 860 il-

284 879 286 881 ’
342 883 413 925 lud
449 882 725 937 praeferimus,
764 884 818 927 ef.
857 885 942 928 An.
980 885 1024 928 II
1063 887 1104 938 7,
1144 888 1187 938 9,
1226 885 1307 929 XV
1345 887 1421 936 28,
1463 886 1535 927 14.
1581 911 1634 917 —-
1673 883 1728 927 H.
1756 883 1801 926 II

346 951 419 1000 10,
462 950 519 992 10
557 951 612 993 Id
641 959 800 994 senatus
830 953 1058 997 consultum
1087 955 1197 995 varie
1226 955 1421 995 iactatum
1450 960 1497 1001 et,
1519 959 1647 1008 prout
1657 959 1801 1007 potens

341 1016 403 1059 vel
444 1018 561 1073 inops
604 1034 696 1060 reus
739 1020 947 1068 inciderat.
999 1021 1208 1078 infirmum
1247 1028 1316 1062 aut
1363 1019 1555 1068 validum,
1602 1018 1798 1061 retineba-

339 1091 404 1124 tur
438 1084 571 1127 adhuc
605 1087 800 1128 terrori
841 1086 869 1127 i.
901 1100 938 1128 e.
984 1084 1049 1129 'ad
1100 1089 1306 1129 terrorem
1359 1082 1656 1129 iniiciendum'.
1730 1083 1801 1126 Ita

338 1148 482 1193 Halm.
517 1149 692 1194 Heraeus
719 1153 890 1194 coniicit
913 1155 968 1195 ad
997 1170 1100 1195 vana
1125 1155 1307 1202 terroris,
1338 1152 1512 1208 Madvig
1540 1152 1732 1194 retinebat
1761 1168 1798 1193 α.

337 1225 520 1260 terrores.

434 1284 632 1327 Fortasse
683 1287 814 1329 etiam
861 1286 1105 1330 afferendus
1148 1291 1213 1329 est
1258 1287 1373 1329 locus
1416 1285 1501 1328 An.
1545 1285 1607 1328 VI
1642 1286 1729 1335 -20,
1769 1286 1796 1326 2

334 1348 465 1393 Gaius
518 1351 652 1394 Coesar
697 1353 915 1395 Claudiam
931 1387 943 1398 .
961 1387 969 1396 .
988 1386 997 1396 .
1017 1387 1025 1396 .
1056 1355 1292 1410 coniuqio
1320 1356 1478 1409 accepit
1506 1352 1659 1395 collato
1687 1352 1800 1394 dieto

334 1419 376 1459 in
397 1417 723 1462 matrimonium
764 1423 945 1477 accipere
953 1437 967 1469 ,·
1008 1421 1071 1464 ita
1111 1422 1294 1477 coniuyio
1335 1420 1447 1463 idem
1491 1422 1556 1462 est
1590 1418 1700 1474 quod
1737 1416 1799 1461 ’ut

335 1485 582 1542 coniugium
623 1484 729 1529 fiat'.
800 1486 879 1531 Sed
923 1487 1026 1531 illud
1071 1490 1253 1545 coniuqio
1292 1489 1424 1531 etiam
1461 1486 1638 1531 ablativi
1673 1500 1798 1529 casus

335 1565 426 1594 esse
461 1567 683 1608 possumus
719 1555 977 1598 existimare.
1019 1580 1080 1587 —-
1117 1553 1276 1609 Contra
1311 1569 1362 1598 ea
1396 1555 1536 1610 potius
1572 1553 1795 1596 amovendi

335 1619 534 1661 videntur
568 1620 660 1670 loci,
711 1622 849 1676 qualis
883 1614 951 1664 est
992 1622 1077 1664 An.
1116 1621 1179 1664 IV
1215 1623 1258 1673 9,
1300 1623 1325 1664 6
1364 1621 1628 1664 Memoriae
1657 1620 1798 1663 Drusi

335 1688 486 1734 eadem,
520 1702 611 1743 quoe
647 1690 691 1730 in
727 1687 1033 1738 Germanicum,
1065 1691 1336 1732 decernuntur
1374 1703 1461 1744 eqs.
1527 1686 1792 1730 conferimus

334 1751 419 1793 An.
457 1752 520 1795 IV
559 1753 633 1803 15,
659 1754 734 1797 ,14
776 1757 979 1798 deerevere
1015 1756 1128 1798 Asiae
1156 1756 1274 1797 urbes
1304 1755 1493 1811 templum
1527 1754 1699 1802 Tiberio.
1734 1779 1788 1787 -

333 1818 551 1862 Postremo
586 1835 721 1875 pauca
758 1821 808 1864 de
844 1821 931 1864 loco
965 1821 1016 1864 G.
1055 1823 1132 1872 28,
1172 1822 1231 1864 20
1273 1822 1340 1864 Ne
1384 1821 1482 1863 Ubii
1511 1822 1791 1878 quidem....

332 1889 486 1941 oriyz'ne
515 1888 759 1939 erubescunt,
790 1893 1032 1945 tran-syreni
1050 1890 1145 1931 olim
1174 1898 1210 1931 et
1237 1891 1580 1945 experimento
1597 1889 1704 1946 fidei
1718 1904 1791 1930 su-

325 1969 403 2010 per
437 1955 570 2011 ipsam
608 1955 741 1999 Rheni
773 1959 911 2014 ripam
939 1956 1129 2008 collocati,
1166 1964 1208 1999 ut
1236 1965 1428 2005 arcerent,
1467 1972 1546 1999 non
1586 1963 1629 1998 ut
1656 1965 1791 1999 cusw-

331 2022 527 2064 direntur.
593 2022 731 2078 Roby,
779 2024 907 2067 Latin
949 2023 1189 2076 Grammar,
1235 2023 1292 2076 H,
1331 2023 1504 2067 Profaee
1548 2038 1590 2078 p.
1627 2022 1786 2073 XLIII,

329 2087 449 2130 inder
482 2088 672 2132 dativum
710 2093 754 2134 et
787 2091 1025 2135 ablativum
1059 2091 1242 2134 dubitat.
1297 2091 1363 2134 Ex
1381 2091 1545 2134 ultimis
1563 2090 1790 2133 sententiae

328 2155 471 2197 virbisv
501 2165 543 2198 ut
577 2167 758 2201 arcerent
793 2174 879 2214 eqs.
919 2159 1196 2202 manifestum
1235 2158 1287 2200 fit
1329 2172 1473 2201 vooem
1507 2159 1781 2214 eoeperimento

330 2236 405 2276 pro
440 2223 626 2266 ablativo
660 2239 797 2269 causae
830 2240 919 2269 esse
955 2226 1335 2281 interpretandam,
1366 2228 1417 2268 ut
1450 2228 1648 2280 putemus
1668 2224 1779 2267 idem

329 2304 418 2331 esse
452 2291 562 2345 quod
599 2289 784 2348 'propter
818 2296 1040 2349 expertam
1075 2292 1384 2349 probatamque
1418 2290 1570 2335 fidem’.

427 2368 626 2413 Videmus
662 2372 796 2428 igitur
831 2373 944 2415 huno
986 2371 1120 2414 dativi
1154 2385 1277 2413 usum
1313 2372 1357 2413 in
1392 2371 1625 2413 minoribus
1649 2370 1784 2424 'serip-

326 2436 381 2477 tis
416 2444 460 2478 et
496 2440 538 2479 in
576 2437 777 2482 Historiis
824 2440 1041 2483 rarissime
1083 2439 1265 2481 inveniri
1301 2441 1346 2481 et
1379 2439 1545 2485 dativos
1581 2437 1784 2494 proximis

326 2505 476 2554 verbis,
516 2507 768 2561 quibuscum
805 2507 1082 2550 connectendi
1111 2507 1214 2557 sint,
1247 2507 1368 2561 quasi
1389 2505 1638 2556 sustentari,
1669 2506 1785 2546 certe

328 2572 539 2615 artissime
575 2588 668 2616 cum
706 2575 761 2617 iis.
793 2574 1080 2631 coniugendos
1115 2588 1218 2625 esse,
1256 2575 1302 2616 in
1337 2573 1578 2616 Annalibus
1607 2585 1705 2614 vero
1739 2574 1784 2611 et

326 2640 459 2679 multo
496 2642 825 2696 frequentiorem
865 2643 977 2685 hunc
1011 2656 1135 2683 usum
1170 2656 1260 2684 esse
1294 2645 1338 2684 et
1373 2641 1502 2683 latius
1537 2642 1684 2696 patere
1714 2642 1783 2679 at-

391 2782 422 2827 ⁸)
447 2785 501 2818 cf.
524 2786 568 2819 Η.
591 2787 626 2819 11
649 2789 702 2829 99,
727 2789 747 2820 2
780 2789 954 2822 Coeoinaan
977 2798 1020 2821 ao
1050 2786 1235 2823 Valentem
1264 2785 1428 2827 expedio-2·
1451 2783 1500 2816 ad
1524 2782 1651 2814 bollum
1672 2782 1783 2815 iubet.
