2032 3286
1612 223 1639 259 3

241 338 332 379 dico
368 337 548 386 dativos‚
587 335 733 390 quales
771 338 873 376 sunt
908 335 937 377 ii
956 335 1029 390 qui
1057 334 1102 375 in
1121 334 1259 376 verbis
1280 350 1387 376 curoe
1403 350 1497 385 esse,
1528 337 1698 377 crimini

243 406 347 446 dare
376 404 540 452 insunt,
577 406 669 444 tum
705 402 887 443 dicemus
929 402 980 444 de
1016 401 1162 442 dativo
1198 401 1317 443 finali
1352 404 1583 451 nominum,
1622 416 1696 456 po-

241 473 399 512 stremo
443 470 492 511 de
536 469 678 510 dativo
723 469 918 522 gerundii
966 467 1287 524 gerundiviqoe,
1338 482 1420 522 quo
1470 469 1696 523 saepissime

239 536 370 578 finem
407 536 666 590 propositum
702 523 933 589 significari
970 535 1075 575 satis
1114 537 1294 575 constat.

638 888 669 939 Ι.
742 887 810 939 De
847 887 1015 940 dativo
1055 886 1294 940 effectus.

522 986 621 1023 Esse
646 985 770 1022 alicui
793 995 911 1022 curte.
956 985 1065 1022 Dare
1091 985 1214 1022 alieni
1238 984 1413 1022 crimini.

341 1125 432 1176 Qua
466 1126 537 1167 via
573 1139 621 1167 ac
663 1125 829 1167 ratione
867 1126 910 1167 hi
945 1126 1077 1167 dativi
1115 1141 1223 1167 curae
1257 1128 1299 1167 et
1336 1127 1504 1167 crimini
1537 1126 1693 1181 quique

244 1194 295 1234 iis
332 1196 433 1234 sunt
469 1192 626 1233 similes
662 1192 933 1246 intellegendi
971 1193 1059 1233 sint
1095 1195 1221 1246 atque
1256 1192 1581 1244 interpretandi,
1618 1208 1692 1234 ne-

243 1273 459 1314 quaquam
502 1259 773 1299 consentiunt
807 1258 850 1307 ii,
888 1259 958 1313 qui
994 1258 1075 1299 hac
1108 1261 1233 1299 aetate
1267 1258 1312 1299 in
1348 1260 1440 1299 arte
1476 1272 1694 1314 gramma-

241 1327 328 1368 tica
374 1326 519 1367 latinae
566 1325 721 1380 linguae
756 1325 982 1367 tractanda
1017 1326 1199 1367 maxime
1235 1325 1445 1367 excellunt
1478 1326 1543 1367 vel
1577 1341 1695 1367 sum-

245 1407 311 1434 mo
347 1393 486 1433 studio
520 1395 760 1433 versantur.
833 1391 1025 1445 Plerique
1044 1389 1172 1432 'hunc
1206 1391 1339 1433 dativi
1369 1405 1494 1433 usum
1523 1406 1618 1433 cum
1642 1393 1696 1434 iis

245 1459 401 1502 dativis
447 1459 727 1513 coniungunt,
777 1458 864 1511 qui,
913 1461 962 1499 ut
1004 1458 1195 1512 exempla
1239 1457 1432 1507 afferam,
1470 1459 1618 1500 insunt
1651 1460 1696 1501 in

247 1525 383 1566 verbis
421 1524 556 1566 locum
587 1526 735 1565 castris
767 1539 924 1580 capere,
955 1524 1158 1580 colloquio
1188 1525 1298 1565 diem
1335 1525 1483 1575 dicere,
1513 1527 1699 1581 receptui

247 1606 392 1633 canere
422 1591 493 1640 al.,
514 1594 556 1631 et
591 1593 764 1631 censent
800 1591 866 1632 his
903 1591 1057 1632 dativis
1076 1589 1306 1647 significari
1327 1591 1546 1633 consilium
1565 1591 1698 1646 quod·

247 1660 344 1701 dam
383 1659 443 1700 vel
485 1658 526 1698 id
561 1658 670 1712 quod
714 1659 808 1711 quis
845 1658 924 1698 sibi
962 1658 1179 1711 proposuit
1214 1658 1484 1712 sequiturque
1520 1659 1699 1709 (suetice

247 1722 488 1777 'andamal'‚
525 1724 765 1779 germanice
801 1721 1009 1775 'Absicht‚
1047 1723 1357 1778 Bestimmung‚
1389 1722 1699 1775 Zweck'‚fran-

251 1792 449 1846 cogallice
486 1789 600 1845 'but',
640 1792 806 1845 anglice
842 1789 1079 1849 'purpose’)‚
1116 1791 1227 1833 unde
1260 1790 1358 1832 huic
1386 1792 1518 1833 dativi
1554 1792 1698 1848 generi

245 1873 398 1900 nomeu
434 1858 605 1899 dativi
634 1857 823 1899 finalis
858 1860 924 1899 est
942 1859 1198 1912 impositum.
1247 1857 1325 1899 Sed
1343 1859 1428 1899 iam
1448 1859 1607 1912 pridem
1625 1859 1697 1900 alii

247 1925 356 1966 docti
408 1925 485 1965 viri
533 1928 697 1978 negant
744 1938 840 1964 eum
887 1924 1019 1966 dativi
1066 1938 1188 1965 casus
1235 1938 1371 1974 usum,
1419 1925 1469 1965 de
1505 1939 1587 1979 quo
1630 1925 1698 1967 hic

247 1992 427 2048 agim11S‚
476 1991 560 2033 ista
608 1992 772 2032 ratione
807 2005 897 2032 esse
940 1991 1269 2046 intellegendum
1313 1991 1377 2032 vel
1412 1992 1505 2033 istis
1541 1992 1696 2034 finibus

247 2057 684 2100 circumscribendum.
753 2056 816 2097 Ac
851 2057 1032 2110 primum
1067 2057 1117 2097 de
1153 2057 1231 2097 hac
1267 2070 1311 2096 re
1346 2071 1480 2109 pauca
1515 2058 1695 2114 dissera-

247 2139 354 2175 mus,
404 2123 680 2178 inquirentes,
729 2136 811 2177 (1110
845 2123 964 2164 1110ᾰο
1001 2122 1044 2164 111
1081 2122 1213 2164 dativi
1260 2122 1487 2177 accipiendi
1529 2124 1617 2165 sint
1651 2127 1699 2165 et.

249 2205 377 2246 quam
414 2191 498 2231 vim
534 2189 969 2243 significationemque
1003 2189 1228 2230 videantur
1265 2188 1427 2229 habere.

347 2256 396 2298 In
434 2256 513 2297 hac
549 2256 779 2310 quaestione
799 2254 1139 2309 proficiscendum
1160 2257 1226 2296 est
1246 2254 1300 2296 ab
1327 2254 1380 2296 iis
1405 2255 1516 2307 locis,
1537 2255 1581 2297 in
1600 2257 1699 2311 qui—

248 2326 326 2366 bus
364 2325 474 2365 inest
519 2325 691 2365 verbum
726 2324 1039 2364 substantivum
1077 2337 1171 2371 esse,
1206 2322 1306 2376 quia
1342 2323 1410 2363 isti
1446 2323 1525 2364 loci
1561 2324 1698 2365 multo

249 2391 553 2446 frequentiores
599 2393 700 2431 sunt
746 2404 875 2445 quam
910 2390 952 2441 ii,
991 2391 1031 2432 in
1069 2388 1221 2445 quibus
1269 2388 1381 2431 aliud
1422 2392 1487 2431 est
1522 2389 1699 2433 verbum

249 2463 297 2500 ut
334 2460 435 2500 dare
465 2459 611 2500 habere
641 2460 788 2500 ducere
817 2459 926 2507 sim.,
965 2461 1092 2512 atque
1127 2457 1239 2499 haud
1276 2458 1358 2497 scio
1378 2472 1432 2498 an
1459 2459 1588 2499 etiam
1606 2459 1703 2500 sint.

251 2520 561 2580 vetustiores¹).
633 2524 804 2567 Accedit
839 2525 948 2579 quod
985 2524 1028 2566 hi
1062 2524 1152 2574 loci,
1190 2524 1233 2565 in
1260 2523 1411 2579 quibus
1436 2527 1507 2566 est·
1520 2525 1696 2568 verbum

320 2648 349 2690 ¹)
373 2648 593 2690 Inspiciatur
628 2646 739 2678 index
774 2654 911 2684 vocum,
944 2654 1022 2686 quae
1057 2645 1095 2676 in
1130 2645 1199 2678 hoc
1235 2646 1351 2678 dativi
1385 2655 1451 2678 usu
1482 2648 1576 2687 sunt,
1601 2647 1697 2680 loco·

251 2715 412 2748 rumque,
443 2714 548 2746 quem
579 2702 738 2735 confecit
771 2702 906 2742 Roby‚
931 2702 960 2732 A
991 2702 1177 2732 Grammar
1207 2702 1246 2733 of
1279 2702 1342 2734 the
1376 2701 1471 2733 latin
1505 2703 1696 2746 language.

253 2762 301 2793 11.
337 2761 497 2800 Preiace,
527 2769 561 2801 p.
592 2765 728 2790 XXXVII
759 2767 833 2799 seq.
880 2756 981 2794 Quod
1016 2757 1128 2789 verba
1162 2756 1316 2789 ludibrio
1346 2757 1483 2797 habere,
1507 2761 1696 2793 iim-fidicula
