2032 3286
1637 226 1689 262 23

390 339 579 383 Primum
615 338 1038 383 animadvertendum
1071 341 1140 381 est
1173 338 1300 381 verba
1336 337 1423 387 illa,
1459 353 1553 394 quae
1577 339 1622 382 in
1657 355 1749 382 om-

294 406 415 449 nibus
451 407 538 450 fere
574 407 642 449 his
679 407 957 449 locutionibus
993 407 1157 457 insunt,
1194 406 1284 447 dico
1307 408 1410 448 dare
1424 406 1572 449 hahere
1587 423 1747 450 sumere

293 490 512 525 assumere,
547 488 642 517 eam
677 473 833 516 habere
869 474 970 520 vim,
1006 477 1057 516 ut
1091 472 1334 528 significent
1369 472 1478 514 idem
1513 474 1622 529 quod
1655 473 1745 530 'pu—

291 543 386 583 tare
425 542 487 582 vel
530 541 665 582 dicere
698 539 799 582 esse'
836 541 1016 591 (honori,
1053 540 1221 582 crimini
1256 542 1369 596 cet.)‚
1406 541 1471 581 cui
1508 541 1664 583 rationi
1699 543 1745 584 in

291 606 373 649 hac
407 621 448 652 re
482 607 734 663 explicanda
780 607 1012 650 maximum
1059 609 1322 649 momentum
1356 605 1629 648 tribuendum
1663 611 1743 650 est.

291 673 383 716 Hoc
428 675 537 717 enim
582 674 902 717 necessitudinis
949 674 1117 716 vinculo
1151 688 1247 715 cum
1283 674 1348 724 iis,
1385 673 1435 714 de
1471 673 1625 727 quibus
1660 675 1745 717 iam

290 740 484 792 diximus,
538 740 819 783 locutionibus
870 740 958 788 haec
1010 741 1296 783 continentur.
1366 739 1476 783 Sunt
1521 754 1618 781 vero
1665 740 1746 783 duo

290 807 418 857 dicta,
461 808 509 850 de
542 808 696 863 quibus
738 822 872 863 pauca
907 808 1036 850 verba
1071 807 1267 850 facienda
1302 810 1417 850 sunt.
1488 806 1601 849 Illud
1635 809 1748 850 visui

281 875 444 932 populo
481 876 663 932 proeberi
698 874 943 917 dubitantes
990 875 1275 929 ascripsimus.
1346 873 1561 916 Videntur
1594 877 1743 918 tamen

288 941 416 983 verba
452 940 643 995 'praebere
687 941 870 996 aliquem
904 942 1056 997 populo
1090 940 1212 983 visui’
1246 942 1356 983 idem
1391 955 1482 983 esse
1517 942 1626 996 quod
1664 938 1742 983 'ef-

288 1008 410 1050 ficere
444 1011 505 1049 ut'
523 1009 618 1062 quis
654 1009 712 1051 sit
749 1024 790 1064 p.
827 1007 879 1065 γ’.
951 1007 1146 1051 Alterum
1182 1008 1342 1051 dictum
1360 1011 1428 1050 est
1445 1008 1549 1050 illud
1569 1010 1741 1051 indutui

283 1076 464 1132 ⁴‹jer-ebat,
503 1075 609 1130 quod
647 1075 828 1118 fortasse
862 1076 940 1117 hoc
974 1076 1096 1117 modo
1129 1076 1425 1130 explicandum
1460 1078 1545 1117 est:
1599 1074 1741 1131 'quam

286 1143 482 1199 (vestem)
518 1143 684 1185 indutui
713 1141 850 1186 οὖσαν
884 1141 1086 1198 gerebat'.
1157 1143 1300 1198 Atque
1334 1157 1479 1184 omnes
1516 1142 1591 1184 hos
1628 1144 1737 1186 locos

285 1209 551 1263 respicientes
587 1213 845 1252 annotamus
874 1223 1088 1264 nusquam
1105 1209 1250 1251 dativo
1270 1209 1447 1264 adiungi
1463 1208 1734 1259 adiectivum,

285 1289 495 1329 nusquam
530 1290 683 1317 nomen
722 1276 903 1331 genitivi
944 1289 1068 1317 casus
1104 1275 1555 1329 veltpraepositionem,
1592 1277 1737 1318 omnia

283 1342 469 1391 nomina,
518 1350 609 1397 quae
643 1342 688 1384 in
723 1342 801 1384 hoc
835 1340 970 1383 dativi
996 1355 1092 1399 ⁴usu
1126 1342 1227 1392 sint,
1266 1342 1498 1392 abstracta,
1536 1356 1630 1397 quae
1665 1357 1737 1384 vo-

281 1410 450 1459 cantur,
500 1403 602 1458 esse,
653 1409 796 1450 omnia
843 1408 1073 1464 singularis
1116 1409 1294 1450 numeri.
1364 1407 1538 1450 Tacitus
1574 1410 1737 1463 primus

281 1475 447 1517 videtur
481 1476 527 1517 in
561 1475 627 1517 his
663 1475 943 1517 locutionibus
979 1474 1221 1517 adhibuisse
1257 1475 1385 1517 verba
1420 1491 1590 1525 sumere,
1621 1492 1739 1518 assu-

279 1558 400 1585 mere.

378 1608 592 1663 Sequitur,
635 1611 685 1650 ut
731 1609 781 1650 de
817 1609 868 1649 iis
914 1607 1196 1650 locutionibus
1232 1606 1501 1656 disseramus,
1540 1608 1592 1650 ad
1629 1624 1736 1663 quas

278 1674 449 1730 signum
484 1674 775 1730 interrogandi
813 1674 1100 1728 apposuimus.
1154 1672 1265 1713 Illud
1291 1674 1399 1714 dono
1430 1674 1532 1715 dare
1551 1674 1630 1716 huc
1649 1689 1736 1717 non

277 1741 406 1783 retuli
447 1744 535 1782 tres
569 1741 622 1783 ob
656 1755 820 1791 causas,
857 1740 968 1795 quod
1003 1754 1089 1781 non
1126 1739 1282 1781 dicitur
1317 1737 1437 1781 ’dono
1472 1739 1587 1791 esse',
1625 1742 1735 1796 quod

278 1808 452 1849 verbum
488 1809 590 1850 dare
623 1807 692 1850 hic
726 1822 813 1849 non
847 1821 941 1850 eam
975 1806 1108 1848 habet
1143 1805 1242 1856 vim,
1280 1805 1330 1847 de
1364 1820 1450 1860 qua
1475 1821 1606 1863 supra
1625 1808 1735 1850 dixi-

277 1889 385 1924 mus,
422 1875 530 1930 quod
566 1889 718 1917 nomen
753 1877 909 1917 donum
945 1889 1030 1916 non
1066 1888 1142 1929 pro
1177 1874 1394 1915 abstracto
1414 1874 1559 1917 haberi
1577 1877 1732 1930 potest.

275 1940 435 1984 Contra
485 1956 549 1992 ea,
586 1942 622 1984 si
659 1942 785 1984 verba
827 1942 1041 1999 plerisque
1080 1942 1238 1998 proedoe
1275 1942 1391 1990 data,
1421 1942 1584 1984 obsidio
1615 1943 1734 1984 nobis

277 2010 436 2060 datum,
469 2011 649 2066 piqnori
688 2011 867 2066 acceptis
908 2008 1167 2064 respicimus,
1215 2007 1525 2051 observandum
1576 2012 1641 2051 est
1690 2013 1732 2051 et

275 2075 355 2118 dici
383 2077 544 2132 praedoe
572 2091 668 2125 esse,
691 2077 866 2132 piqneri
894 2090 979 2116 esse
998 2077 1050 2115 et
1083 2074 1172 2115 haec
1206 2074 1392 2122 nomina,
1431 2074 1521 2116 dico
1536 2077 1732 2132 proedam

274 2142 320 2195 (i.
341 2157 382 2197 q.
420 2132 596 2193 lucrum,
648 2143 875 2197 quaestum)
929 2141 1137 2183 obsidium
1171 2141 1344 2196 piynus,
1389 2154 1466 2194 pro
1501 2142 1730 2184 abstractis

273 2208 516 2263 accipienda
564 2222 654 2250 esse
689 2208 754 2250 vel
789 2221 911 2263 posse
945 2207 1079 2260 accipi
1113 2208 1156 2248 et
1189 2206 1372 2249 fortasse
1417 2207 1590 2249 verbum
1627 2209 1731 2251 dare

272 2275 318 2317 in
369 2274 436 2317 his
482 2274 607 2318 dictis
656 2275 768 2317 idem
819 2288 908 2317 esse
953 2273 1064 2329 quod
1117 2270 1349 2315 'concedere
1390 2276 1440 2315 ut
1477 2274 1638 2330 aliquid
1672 2275 1730 2318 sit

271 2342 432 2398 praedae,
469 2342 656 2392 obsidio’,
693 2342 867 2384 verbum
902 2342 1042 2398 accipi
1076 2343 1217 2382 autem
1255 2354 1421 2383 summa
1450 2341 1731 2396 significatio-

271 2409 338 2451 nis
369 2409 584 2452 affinitate
617 2424 712 2451 cum
749 2409 876 2451 verbo
912 2408 1041 2450 dandi
1076 2407 1295 2450 cohaerere.

371 2474 422 2517 In
460 2476 594 2519 verbis
620 2477 794 2535 foenori
834 2477 937 2518 dare
984 2477 1090 2529 (An.
1128 2473 1191 2517 VI
1231 2474 1305 2525 13,
1346 2475 1392 2530 6)
1429 2475 1571 2529 potius
1607 2476 1730 2519 abla-

269 2541 384 2584 tivus
420 2543 692 2601 (locativus‘?)
734 2543 872 2585 inesse
906 2542 1122 2598 putandus
1157 2544 1223 2583 est
1257 2556 1386 2596 quam
1422 2541 1605 2593 dativus,
1644 2544 1731 2586 col-

269 2608 369 2651 latis
407 2610 687 2653 locutionibus
725 2611 827 2653 dare
854 2610 1032 2668 foenore
1061 2608 1258 2665 (plaut),
1290 2610 1477 2666 accipere
1503 2612 1729 2666 pecuniam

260 2675 412 2733 fenore
441 2676 544 2730 (Cic.
592 2677 717 2734 Liv.),
754 2677 848 2718 sim.
902 2676 1096 2731 Apparet
1130 2676 1175 2718 in
1212 2675 1324 2718 dicto
1358 2679 1443 2717 An.
1483 2675 1546 2718 VI
1585 2677 1660 2729 19,
1701 2680 1727 2720 3

269 2758 318 2786 ac
347 2759 397 2786 ne
426 2744 601 2787 dubium
629 2745 849 2788 haberetur
863 2743 1195 2801 may-nitudinem
1211 2737 1403 2800 pecunioe
1419 2743 1530 2788 malo
1545 2747 1726 2794 vertisse,
