2032 3286
1514 185 1568 221 35

276 296 369 341 Iam
404 299 561 339 eeteros
597 296 721 346 Ιοοοε,
757 298 802 339 in
837 297 990 354 quibus
1023 297 1202 355 dativus·
1227 299 1447 356 gerundivi
1464 313 1516 341 ex
1534 299 1624 341 sin-

176 366 289 421 gulis
323 364 460 408 verbis
496 364 562 407 vel
594 377 616 407 e
634 364 736 407 totis
759 361 1126 410 enuntiationibus
1161 366 1341 422 pendere
1371 367 1548 418 videtur,
1569 366 1622 410 ad

175 430 344 478 'aetatem
380 432 580 475 librorum
614 429 879 475 Taciteorum
913 432 1161 477 afferamus.

274 510 382 566 Agr.
421 509 496 560 31,
539 509 596 551 13
632 524 754 565 neque
781 513 886 553 enim
915 527 1015 553 arva
1043 512 1156 554 nobis
1182 520 1252 554 aut
1268 513 1424 554 metalla
1440 520 1511 554 aut
1520 528 1623 568 por-
1661 515 1668 518 ’

176 587 238 636 tus
281 585 386 628 sunt,
429 577 611 634 quibus
653 579 949 620 exercendis
991 593 1250 622 reservemur.
1310 578 1365 622 H.
1408 578 1429 622 I
1470 579 1542 629 18,
1593 580 1620 622 3

176 646 436 689 Observatum
464 646 508 686 id
536 645 756 701 antiquitus
783 646 1003 687 comitiis
1039 647 1346 690 dirimendis
1375 662 1451 689 non
1481 648 1624 688 terruit

176 712 348 756 Galbam
376 726 464 767 eqs.
535 710 590 753 H.
627 710 692 753 III
730 712 806 762 55,
847 713 872 753 5
915 713 986 754 Tot
1013 713 1127 755 milia
1155 722 1404 756 armatorum
1429 746 1438 756 .
1458 749 1468 758 .
1486 746 1522 756 ..
1549 716 1622 755 in-

165 781 389 837 ferendo
429 794 582 835 quoque
624 779 749 820 bello
783 779 995 836 pollebant.
1053 778 1108 822 H.
1158 780 1224 822 III
1272 781 1347 832 77,
1399 781 1456 823 19
1505 778 1622 828 enisu,

170 853 423 904 percontatus
451 848 585 888 statim
613 847 772 901 reyredi
798 861 839 888 se
866 862 919 888 an
943 848 1300 903 perdomandae
1338 848 1374 890 C
1377 865 1401 890 a
1413 849 1623 904 mpanioe

174 915 354 957 insistere
382 913 542 956 iuberet.
601 911 655 954 H.
686 912 725 953 V
760 912 831 963 13,
865 913 925 955 20
961 915 1084 957 donec
1099 922 1237 956 cuncta
1266 916 1623 973 eapuynandis

177 983 387 1024 urbibus
424 989 580 1038 reperta
613 982 725 1037 apud
755 988 896 1023 veteres
923 990 992 1023 aut
1021 984 1134 1024 novis
1162 984 1332 1038 inqeniis
1360 992 1621 1026 struerentur.

178 1054 258 1092 An.
296 1049 316 1090 I
353 1049 428 1098 54,
468 1050 494 1090 3
531 1056 575 1089 ut
602 1050 804 1104 quondam
839 1049 950 1090 Titus
972 1050 1111 1091 Tatius
1139 1051 1422 1094 retinendis
1450 1051 1622 1093 Sabino-

175 1134 264 1158 rum
293 1118 465 1158 sacris
493 1115 646 1157 sodales
681 1116 804 1157 Titios
833 1117 1066 1157 instituerat.
1123 1117 1208 1159 An.
1246 1116 1289 1158 II
1326 1118 1402 1168 36,
1439 1117 1494 1159 15
1526 1118 1620 1158 sub-

177 1185 274 1225 verti
301 1184 414 1238 leyes,
444 1197 532 1238 quse
559 1197 632 1222 sua
661 1183 793 1237 spatia
829 1183 1111 1224 exercendae
1144 1185 1452 1225 candidatorum
1481 1184 1623 1225 indu-

176 1252 319 1291 striae
361 1249 721 1305 quaerendisque
750 1255 819 1289 aut
848 1250 1119 1304 potiundis
1161 1250 1433 1292 honoribus
1476 1258 1623 1291 statue-

178 1319 272 1358 rint.
342 1316 424 1358 An.
462 1314 505 1355 Π
543 1315 619 1364 37,
661 1315 718 1355 18
760 1314 843 1356 Nec
871 1316 927 1356 ad
955 1316 1152 1356 invidiam
1194 1318 1285 1365 ista,
1314 1318 1382 1358 sed
1415 1316 1577 1358 concil
1588 1319 1624 1358 i-

177 1385 315 1425 andoe
345 1383 711 1424 misericordiae
738 1382 879 1438 refero.
939 1381 1020 1423 Au.
1057 1381 1099 1423 ῙῙ
1137 1382 1213 1433 46,
1254 1384 1310 1424 15
1349 1400 1438 1425 cum
1466 1401 1490 1424 a
1519 1381 1626 1426 Che-

180 1452 307 1493 ruscis
338 1449 702 1506 Lanyobardisque
726 1465 806 1505 pro
835 1451 998 1505 antiquo
1027 1450 1164 1492 decore
1191 1459 1262 1492 aut
1291 1451 1434 1492 recenti
1451 1451 1628 1492 libertate

177 1525 212 1559 et
239 1524 376 1559 contra
406 1518 646 1573 auyendoe
673 1516 1014 1558 dominationi
1042 1524 1268 1559 certaretur.
1327 1519 1411 1558 An.
1437 1516 1479 1558 II
1499 1517 1575 1565 65,
1598 1518 1624 1558 8

180 1585 450 1642 Rhescuporis
492 1584 763 1626 sanciendo
775 1616 785 1632 ,
829 1592 870 1624 ut
914 1584 1132 1632 dictitabat,
1158 1584 1283 1642 foed
1293 1588 1368 1627 eri
1407 1586 1627 1626 convivium

178 1654 313 1702 adicit,
357 1665 446 1707 eqs.
510 1645 600 1694 An.
650 1650 715 1693 III
764 1650 838 1702 13,
880 1651 899 1692 1
953 1650 1079 1692 Exim
1121 1651 1286 1694 biduum
1329 1651 1628 1694 criminibus

132 1725 137 1729 ’
178 1721 462 1762 obiciendis
501 1722 693 1762 statuitur
729 1733 815 1774 eqs.
885 1719 967 1761 An.
1005 1717 1071 1761 HI
1107 1720 1182 1770 22,
1225 1720 1281 1761 15
1321 1720 1485 1761 Exemit
1511 1721 1629 1761 etiam

180 1788 367 1830 Drusum
397 1788 594 1831 consulem
623 1788 871 1842 desiynatum
901 1787 1128 1829 dicendoe
1160 1789 1296 1843 primo
1325 1787 1407 1830 loco
1428 1795 1628 1831 ,senten-

180 1856 219 1897 ti
227 1871 272 1898 ω.
294 1889 302 1901 ,
334 1855 415 1897 An.
451 1854 517 1897 III
560 1854 636 1905 25,
676 1855 701 1895 2
744 1853 931 1897 Relatum
972 1855 1064 1895 dein
1104 1855 1154 1897 de
1196 1855 1445 1897 moderanda
1494 1850 1630 1910 Papia

181 1921 375 1977 Poppaea,
421 1938 543 1977 quam
586 1924 718 1964 senior
762 1921 970 1976 Auyustus
1000 1953 1010 1963 .
1029 1952 1039 1962 .
1056 1953 1066 1963 .
1084 1953 1093 1963 .
1121 1922 1406 1964 incitandis
1452 1920 1631 1964 coelibum

179 1985 363 2046 poenis
385 1998 421 2032 et
449 1990 673 2046 auyendo
701 1989 1109 2031 aerari‹».⁸anxerae.
1169 1988 1253 2030 An.
1291 1986 1356 2031 III
1394 1988 1470 2038 30,
1497 1987 1526 2029 4
1545 1989 1629 2044 ipse

182 2057 427 2099 consulatum
456 2057 598 2104 intulit,
627 2056 803 2099 censoria
833 2057 951 2097 etiam
977 2063 1164 2111 potestate-
1191 2055 1206 2096 l
1213 2071 1233 2097 e
1238 2057 1416 2112 qendis
1456 2057 1631 2112 equitum

183 2125 412 2167 decuriis
445 2126 617 2182 functus
653 2137 738 2178 eqs.
813 2124 894 2180 An·
917 2121 980 2164 IV
1019 2122 1060 2174 1,
1102 2122 1159 2164 19
1196 2124 1303 2164 intus
1345 2138 1504 2164 summa
1540 2123 1629 2180 api-

183 2193 318 2234 scendi
345 2192 483 2246 libido,
512 2193 672 2247 eiusque
700 2206 821 2232 causa
847 2222 856 2232 .
875 2221 884 2232 .
903 2221 911 2231 .
930 2221 939 2231 .
963 2193 1110 2246 saepius
1132 2191 1337 2231 industria
1351 2206 1398 2232 ac
1415 2190 1636 2247 viqilantia,

184 2337 384 2371 nectendus
414 2335 569 2368 videtur.
616 2335 686 2367 Sex
709 2336 820 2375 locos,
844 2334 884 2367 in
907 2333 1039 2376 quibus
1068 2334 1181 2366 verba
1209 2333 1424 2367 mittendi
1453 2334 1532 2367 sim.
1557 2344 1638 2368 eum

186 2403 295 2437 praep.
331 2392 379 2425 ad
414 2394 452 2425 et
486 2401 560 2424 aec.
585 2391 734 2433 gerund.
771 2391 1045 2433 coniunguntur,
1076 2399 1120 2422 ex
1155 2389 1357 2422 Annalibus
1389 2390 1502 2423 effert
1523 2391 1639 2424 Mane.

188 2450 293 2484 Haud
317 2449 393 2483 scio
418 2458 464 2482 nn
488 2448 585 2481 inter
608 2448 714 2480 ambo
740 2447 887 2480 dicendi
911 2456 1046 2490 genera
1069 2447 1222 2480 eandem
1247 2447 1479 2480 intercedere
1503 2447 1639 2481 diecre-

187 2506 348 2550 pantiam'
372 2507 482 2546 atque
506 2513 596 2544 eam,
621 2514 727 2545 quam
742 2504 787 2536 de
808 2504 930 2536 verbis
955 2502 1089 2536 eundi
1113 2503 1359 2544 exposuimus.
1396 2503 1643 2538 Confernutur

188 2566 328 2602 mittere
351 2560 399 2605 ad
423 2560 688 2603 componendam
715 2561 955 2603 Campaniam,
979 2559 1107 2592 ducere
1129 2559 1179 2592 ad
1202 2559 1446 2592 enatandum
1467 2560 1643 2594 obsidium

177 2621 235 2654 .al.
283 2620 336 2652 Ex
359 2616 534 2651 Historiis
559 2616 684 2649 decem
708 2615 814 2649 huius
835 2610 983 2658 generis
1006 2616 1107 2649 locos
1132 2616 1298 2659 congerit
1321 2616 1437 2657 naue,
1462 2627 1508 2651 ex
1531 2618 1643 2652 mino—

190 2680 293 2714 ribus
317 2676 465 2718 scriptis
489 2685 608 2707 unum.
654 2676 698 2707 In
720 2675 801 2708 loco
825 2675 869 2707 H.
892 2675 910 2707 1
933 2676 966 2715 6,
993 2675 1033 2706 13
1058 2683 1169 2717 supra.
1192 2675 1305 2706 allato
1329 2673 1480 2708 Tacitus
1498 2675 1644 2708 videtur

132 2733 139 2741 ⁴
190 2736 237 2768 ad
268 2731 521 2776 repetitionem
545 2730 817 2773 praepositionis
841 2731 889 2762 ad
913 2730 1122 2763 evitandam
1146 2730 1310 2762 dativum
1335 2730 1537 2765 induxisse.
