2032 3286
466 224 488 258 4

407 335 699 384 transitivum,
741 335 822 376 illis
860 335 958 376 locis
996 334 1048 375 ad
1083 333 1380 387 explicandum
1415 333 1618 375 adhibitis
1655 333 1778 374 facile
1798 333 1858 374 in-

407 401 671 456 telleguntur
706 401 879 456 ideoque
914 414 965 442 ex
1007 400 1057 442 iis
1095 398 1292 440 videntur
1328 399 1581 441 manavisse.
1633 397 1694 441 At
1730 399 1860 441 etiam

407 469 443 510 si
481 469 599 510 nobis
643 469 896 517 conceditur,
934 471 983 509 ut
1018 481 1068 508 ex
1103 466 1153 507 iis
1190 466 1483 516 locutionibus,
1524 467 1567 508 in
1605 467 1758 521 quibus
1794 466 1862 509 hic

407 534 576 577 dativus
612 550 707 578 cum
750 536 875 579 verbo
911 533 1176 575 substantivo
1211 532 1498 588 coniungitur,
1536 534 1580 575 in
1618 533 1862 583 baccausa

408 603 659 657 explicanda
674 603 997 657 proficiscamur,
1014 601 1194 641 fortasse
1212 600 1284 642 alii
1301 600 1378 641 loci
1393 600 1522 642 aliam
1537 602 1861 655 explicationem

410 670 646 712 admittunt
691 669 755 710 vel
790 670 917 710 etiam
955 667 1191 722 requirunt,
1229 682 1358 722 quam
1392 667 1446 708 ob
1481 682 1654 709 causam
1691 667 1862 710 difficile

408 739 474 777 est
508 737 557 779 de
592 736 785 776 omnibus
820 735 918 788 quid
957 733 1225 775 iudicandum
1246 734 1302 774 sit
1323 736 1523 776 statuere.
1578 734 1657 776 Est
1674 735 1858 789 quidem,

408 805 456 843 ut
491 816 632 843 omnes
670 802 775 842 locos
814 815 1055 854 percensere
1092 799 1162 840 vix
1200 800 1422 853 possimus,
1460 801 1532 842 sed
1558 802 1664 842 satis
1684 801 1766 842 erit
1786 801 1860 842 hos

408 869 516 910 locos
552 868 603 909 ad
640 881 786 909 vocum
822 866 1155 921 significationes
1191 880 1419 921 earumque
1455 867 1785 922 discrepantiam
1814 868 1859 909 in

406 935 591 976 diversas
627 935 779 976 classes
814 934 1080 975 distribuisse
1114 937 1158 974 et
1194 934 1237 974 in
1273 947 1406 975 unum
1429 934 1493 975 vel
1522 934 1705 976 alterum
1723 934 1860 976 locum

405 1001 672 1057 singularum
707 1001 905 1044 classium
941 1000 1224 1056 inquisivisse,
1263 1000 1344 1042 nisi
1374 1000 1460 1043 iam
1480 1015 1615 1056 pauca
1629 1000 1855 1044 sufficient.

404 1068 529 1110 Dicta
566 1069 742 1123 vulgata
777 1068 1054 1122 proferamus.
1110 1067 1152 1109 Si
1189 1068 1384 1109 dicimus:
1421 1069 1504 1109 hoec
1532 1069 1699 1124 (literae,
1726 1069 1859 1111 histo-

404 1135 476 1178 riae
509 1135 777 1191 cognitioque
813 1150 967 1183 rerum,
1006 1136 1227 1190 poetarum
1245 1133 1444 1192 evolutio)
1463 1134 1569 1178 mihi
1586 1143 1681 1179 sunt
1710 1136 1859 1194 volup-

404 1204 482 1243 tati
528 1202 599 1255 (cf.
649 1202 731 1243 Cic.
770 1203 819 1243 de
856 1202 949 1243 Fin.
987 1202 1007 1242 Ι
1046 1203 1088 1251 7,
1118 1202 1216 1253 25),
1257 1216 1342 1242 non
1377 1202 1418 1242 id
1454 1202 1614 1243 dictum
1651 1203 1857 1252 volumus,

403 1269 490 1311 haec
526 1268 689 1322 (literas
726 1268 925 1311 historias
960 1272 1117 1326 cetera)
1154 1267 1194 1310 id
1231 1271 1434 1323 spectare,
1472 1272 1522 1310 ut
1558 1269 1778 1325 voluptate
1794 1284 1860 1312 me

405 1336 613 1386 afficiant,
661 1337 727 1378 vel
773 1336 926 1378 harum
961 1350 1102 1377 rerum
1133 1335 1260 1376 finem
1298 1337 1557 1389 propositum
1596 1351 1733 1378 meam
1770 1351 1859 1378 esse

406 1403 682 1457 voluptatem.
751 1401 866 1444 Nihil
917 1402 1028 1444 aliud
1066 1402 1242 1443 dicimus
1277 1416 1424 1456 quam:
1461 1403 1560 1444 'haec
1596 1404 1860 1457 voluptatem

406 1470 511 1511 mihi
559 1467 776 1520 afferunt'‚
826 1469 934 1523 quod
971 1484 1023 1511 ex
1071 1470 1160 1511 loco
1206 1469 1277 1510 illo
1324 1468 1611 1517 Ciceroniano,
1631 1471 1859 1513 manifeste

405 1540 598 1591 apparet,
636 1550 767 1590 quum
802 1537 1057 1577 antecedant
1093 1535 1221 1576 verba
1258 1537 1361 1592 qaid
1392 1537 1481 1586 tibi,
1519 1538 1735 1593 Torquate,
1755 1539 1859 1594 quid

403 1604 500 1645 huic
550 1604 717 1645 Triario
756 1603 898 1652 litem,
937 1604 1040 1660 quid
1069 1603 1251 1644 historice
1282 1605 1541 1660 coynitioque
1570 1619 1724 1655 rerum,
1755 1605 1859 1662 quid

401 1678 621 1727 poetarum
657 1670 831 1712 evolutio
860 1701 869 1710 .
896 1702 904 1710 .
933 1702 942 1711 .
970 1701 978 1710 .
1003 1670 1229 1726 voluptatis
1259 1670 1414 1728 adfert,
1443 1670 1597 1725 quibus
1635 1672 1771 1712 verbis
1807 1685 1858 1714 ea

402 1752 496 1792 quae
542 1739 778 1791 sequuntur
812 1738 916 1779 mihi
950 1746 1044 1779 sunt
1073 1737 1279 1793 voluptati
1309 1738 1625 1780 accuratissime
1661 1739 1858 1781 videntur

403 1804 666 1858 respondere,
704 1807 753 1845 ut
788 1803 1024 1858 putandum
1059 1804 1115 1845 sit
1152 1806 1379 1858 utrumque
1415 1803 1576 1846 dictum
1603 1805 1712 1846 idem
1739 1819 1857 1860 pror-

402 1885 474 1912 sus
510 1871 648 1913 valere
684 1870 908 1925 eodemque
943 1871 1089 1913 redire.
1162 1870 1243 1912 Cic.
1286 1885 1358 1924 pro
1388 1871 1530 1915 Plano.
1557 1872 1630 1922 10,
1654 1874 1712 1915 26
1734 1872 1856 1916 dicit:

403 1938 474 1979 eui
501 1952 646 1979 nomen
687 1952 821 1979 meum
852 1938 1031 1979 absentis
1060 1938 1208 1979 honori
1230 1938 1401 1995 fuisset,
1431 1939 1470 1979 ei
1498 1954 1611 1980 meas
1634 1941 1856 1995 praesentis

398 2019 542 2060 preces
570 2020 652 2046 non
673 2011 805 2060 putas
827 2002 1073 2062 profuisse?
1115 2003 1195 2046 Hic
1231 2018 1314 2046 non
1340 2004 1390 2046 de
1408 2004 1492 2046 fine
1511 2005 1708 2059 quodam,
1730 2020 1857 2060 quem

401 2084 554 2112 nomen
601 2069 807 2113 Ciceronis
854 2076 1113 2126 sequeretur,
1159 2070 1326 2123 dicitur,
1364 2071 1434 2113 sed
1470 2071 1552 2114 duo
1594 2073 1856 2116 enuntiatio-

401 2139 467 2179 nis
502 2138 690 2179 membra
724 2139 933 2193 verbaque
969 2140 1116 2181 honori
1145 2154 1228 2181 esse
1256 2141 1299 2179 et
1327 2141 1528 2195 prodesse
1562 2140 1677 2181 inter
1712 2155 1756 2181 se
1791 2156 1856 2182 re·-

400 2204 622 2260 spondent.
672 2204 778 2247 Tum
814 2208 880 2248 est
916 2207 1027 2261 apud
1062 2201 1303 2261 Tacitum¹)
1350 2205 1434 2247 An.
1472 2205 1538 2247 ΙΙΙ
1560 2207 1637 2256 28,
1661 2208 1686 2250 6
1717 2209 1853 2250 deter-

398 2274 511 2314 rima
546 2288 711 2330 quaeque
752 2275 908 2330 inpune
938 2289 987 2315 ae
1020 2273 1153 2316 multa
1183 2274 1352 2316 honesta
1380 2274 1506 2315 emitio
1527 2274 1666 2332 fuere.
1738 2274 1852 2318 Num

400 2415 520 2446 haberi
545 2416 591 2447 al,
617 2419 701 2448 sunt
725 2417 821 2458 apud
846 2417 1022 2456 Plautum,
1045 2424 1119 2448 non
1143 2417 1231 2448 item
1257 2416 1423 2456 ludibrio,
1438 2417 1639 2449 ›ir-ridiculo
1663 2428 1744 2459 esse,
1769 2420 1855 2454 huic

401 2471 454 2502 rei
487 2480 560 2502 non
594 2473 746 2503 multum
781 2472 1017 2504 tribuendum
1049 2474 1106 2504 est
1135 2472 1320 2512 momenti,
1358 2482 1467 2513 quum
1490 2474 1618 2514 negari
1642 2484 1714 2507 non
1737 2477 1856 2516 possit

402 2525 511 2558 etiam
535 2526 600 2560 has
624 2527 829 2561 locutiones
854 2527 974 2560 Plauti
999 2526 1227 2569 temporibus
1252 2527 1290 2560 111
1315 2537 1381 2561 usu
1404 2528 1518 2561 fuisse
1544 2530 1582 2561 et
1604 2528 1761 2564 fortasse
1774 2541 1855 2574 per-

402 2582 575 2623 vulgatae.
621 2584 812 2616 Terentius
850 2584 943 2616 dicit
978 2584 1132 2615 ridie-ulo
1168 2594 1249 2616 esse.
1296 2586 1338 2617 In
1368 2586 1476 2626 longe
1507 2585 1672 2625 plurimis
1703 2588 1853 2621 vocibus

401 2638 579 2670 vetustior
603 2642 658 2672 est
682 2649 767 2671 usus
784 2639 888 2671 verbi
912 2639 1144 2672 substantivi.

471 2691 501 2732 ¹)
525 2695 567 2726 In
589 2696 678 2728 locis
715 2696 875 2729 Taciteis
911 2696 1114 2730 afferendis
1151 2697 1287 2738 ubique
1318 2697 1519 2731 editionem
1545 2699 1682 2732 Halmii
1705 2702 1853 2734 tertiam
1875 2726 1877 2729 -

397 2746 552 2790 (Lipsiae
578 2750 672 2789 1875,
697 2751 799 2790 1876)
825 2754 969 2784 secutus
995 2761 1083 2784 snm.
