<?xml version="1.0" encoding="UTF-8"?>
<!DOCTYPE html PUBLIC "-//W3C//DTD XHTML 1.0 Transitional//EN"
    "http://www.w3.org/TR/xhtml1/DTD/xhtml1-transitional.dtd">
<html xmlns="http://www.w3.org/1999/xhtml" xml:lang="en" lang="en">
 <head>
  <title>
</title>
<meta http-equiv="Content-Type" content="text/html;charset=utf-8" />
  <meta name='ocr-system' content='tesseract 3.04.00' />
  <meta name='ocr-capabilities' content='ocr_page ocr_carea ocr_par ocr_line ocrx_word'/>
</head>
<body>
  <div class='ocr_page' id='page_1' title='image "./4626127_0015.png"; bbox 0 0 2032 3286; ppageno 0'>
   <div class='ocr_carea' id='block_1_1' title="bbox 796 712 1718 848">
    <p class='ocr_par' dir='ltr' id='par_1_1' title="bbox 796 712 1718 848">
     <span class='ocr_line' id='line_1_1' title="bbox 796 712 1180 751; baseline 0 -1"><span class='ocrx_word' id='word_1_1' title='bbox 796 713 957 751; x_wconf 72' lang='lat' dir='ltr'>INDEX</span> <span class='ocrx_word' id='word_1_2' title='bbox 987 712 1180 750; x_wconf 72' lang='lat' dir='ltr'><strong>RERUM.</strong></span> 
     </span>
     <span class='ocr_line' id='line_1_2' title="bbox 958 796 1718 848; baseline -0.003 -8"><span class='ocrx_word' id='word_1_3' title='bbox 958 796 961 798; x_wconf 38' lang='grc'><em>“</em></span> <span class='ocrx_word' id='word_1_4' title='bbox 1632 806 1718 848; x_wconf 67' lang='lat' dir='ltr'><strong>Pag.</strong></span> 
     </span>
    </p>
   </div>
   <div class='ocr_carea' id='block_1_2' title="bbox 299 847 1604 896">
    <p class='ocr_par' dir='ltr' id='par_1_2' title="bbox 299 847 1604 896">
     <span class='ocr_line' id='line_1_3' title="bbox 299 847 1604 896; baseline -0.003 -3"><span class='ocrx_word' id='word_1_5' title='bbox 299 848 325 894; x_wconf 84' lang='grc' dir='ltr'><strong>Ι.</strong></span> <span class='ocrx_word' id='word_1_6' title='bbox 385 849 444 896; x_wconf 67' lang='lat' dir='ltr'><strong>DQ</strong></span> <span class='ocrx_word' id='word_1_7' title='bbox 475 848 619 896; x_wconf 65' lang='grc' dir='ltr'><strong>118ῗῖνο</strong></span> <span class='ocrx_word' id='word_1_8' title='bbox 649 847 858 895; x_wconf 62' lang='lat' dir='ltr'><strong>Offflssfuss.</strong></span> <span class='ocrx_word' id='word_1_9' title='bbox 917 851 1021 890; x_wconf 79' lang='lat' dir='ltr'><strong>Esse</strong></span> <span class='ocrx_word' id='word_1_10' title='bbox 1050 851 1175 889; x_wconf 77' lang='lat' dir='ltr'><strong>alicui</strong></span> <span class='ocrx_word' id='word_1_11' title='bbox 1207 865 1329 891; x_wconf 75' lang='lat' dir='ltr'>eurae.</span> <span class='ocrx_word' id='word_1_12' title='bbox 1384 851 1498 890; x_wconf 72' lang='lat' dir='ltr'><strong>Dare</strong></span> <span class='ocrx_word' id='word_1_13' title='bbox 1519 851 1604 890; x_wconf 67' lang='lat' dir='ltr'><strong>—ali-</strong></span> 
     </span>
    </p>
   </div>
   <div class='ocr_carea' id='block_1_3' title="bbox 382 924 1714 1028">
    <p class='ocr_par' dir='ltr' id='par_1_3' title="bbox 382 924 1714 1028">
     <span class='ocr_line' id='line_1_4' title="bbox 384 924 1714 959; baseline -0.001 0"><span class='ocrx_word' id='word_1_14' title='bbox 384 933 449 959; x_wconf 76' lang='lat' dir='ltr'><strong>cul</strong></span> <span class='ocrx_word' id='word_1_15' title='bbox 467 933 628 959; x_wconf 72' lang='lat' dir='ltr'>emmim</span> <span class='ocrx_word' id='word_1_16' title='bbox 652 948 1606 958; x_wconf 86' lang='lat'><strong>..................</strong></span> <span class='ocrx_word' id='word_1_17' title='bbox 1692 924 1714 958; x_wconf 89' lang='lat'><strong>3</strong></span> 
     </span>
     <span class='ocr_line' id='line_1_5' title="bbox 382 985 1709 1028; baseline -0.002 0"><span class='ocrx_word' id='word_1_18' title='bbox 382 987 418 1028; x_wconf 93' lang='grc'><strong>1.</strong></span> <span class='ocrx_word' id='word_1_19' title='bbox 456 989 510 1028; x_wconf 82' lang='lat' dir='ltr'><strong>De</strong></span> <span class='ocrx_word' id='word_1_20' title='bbox 539 986 664 1027; x_wconf 78' lang='lat' dir='ltr'><strong>dativo</strong></span> <span class='ocrx_word' id='word_1_21' title='bbox 694 985 853 1025; x_wconf 73' lang='lat' dir='ltr'><strong>effectus</strong></span> <span class='ocrx_word' id='word_1_22' title='bbox 883 985 1082 1024; x_wconf 82' lang='lat' dir='ltr'><strong>coniuncto</strong></span> <span class='ocrx_word' id='word_1_23' title='bbox 1111 995 1196 1025; x_wconf 84' lang='lat' dir='ltr'><strong>cum</strong></span> <span class='ocrx_word' id='word_1_24' title='bbox 1228 986 1338 1025; x_wconf 84' lang='lat' dir='ltr'>verbo</span> <span class='ocrx_word' id='word_1_25' title='bbox 1363 987 1605 1026; x_wconf 77' lang='lat' dir='ltr'><strong>substantivo</strong></span> <span class='ocrx_word' id='word_1_26' title='bbox 1662 986 1709 1027; x_wconf 94' lang='grc'><strong>11</strong></span> 
     </span>
    </p>
   </div>
   <div class='ocr_carea' id='block_1_4' title="bbox 379 1049 1712 1230">
    <p class='ocr_par' dir='ltr' id='par_1_4' title="bbox 379 1049 1712 1230">
     <span class='ocr_line' id='line_1_6' title="bbox 380 1049 1598 1101; baseline -0.002 -7"><span class='ocrx_word' id='word_1_27' title='bbox 380 1053 416 1094; x_wconf 88' lang='grc'><strong>2.</strong></span> <span class='ocrx_word' id='word_1_28' title='bbox 453 1056 505 1094; x_wconf 93' lang='lat' dir='ltr'><strong>De</strong></span> <span class='ocrx_word' id='word_1_29' title='bbox 534 1049 665 1093; x_wconf 72' lang='lat' dir='ltr'><strong>dativo</strong></span> <span class='ocrx_word' id='word_1_30' title='bbox 690 1053 862 1101; x_wconf 79' lang='lat' dir='ltr'>effectus,</span> <span class='ocrx_word' id='word_1_31' title='bbox 899 1052 963 1100; x_wconf 89' lang='lat' dir='ltr'><strong>qui</strong></span> <span class='ocrx_word' id='word_1_32' title='bbox 986 1052 1046 1091; x_wconf 85' lang='lat' dir='ltr'><strong>vel</strong></span> <span class='ocrx_word' id='word_1_33' title='bbox 1074 1064 1159 1092; x_wconf 84' lang='lat' dir='ltr'><strong>eum</strong></span> <span class='ocrx_word' id='word_1_34' title='bbox 1188 1053 1441 1092; x_wconf 81' lang='lat' dir='ltr'><strong>intransitivis</strong></span> <span class='ocrx_word' id='word_1_35' title='bbox 1471 1054 1598 1092; x_wconf 85' lang='lat' dir='ltr'>verbis</span> 
     </span>
     <span class='ocr_line' id='line_1_7' title="bbox 455 1120 1712 1169; baseline -0.001 -8"><span class='ocrx_word' id='word_1_36' title='bbox 455 1123 676 1161; x_wconf 78' lang='lat' dir='ltr'><strong>coniunctus</strong></span> <span class='ocrx_word' id='word_1_37' title='bbox 711 1123 770 1159; x_wconf 83' lang='lat' dir='ltr'><strong>est</strong></span> <span class='ocrx_word' id='word_1_38' title='bbox 806 1120 865 1158; x_wconf 89' lang='lat' dir='ltr'><strong>vel</strong></span> <span class='ocrx_word' id='word_1_39' title='bbox 896 1120 936 1158; x_wconf 87' lang='lat' dir='ltr'><strong>in</strong></span> <span class='ocrx_word' id='word_1_40' title='bbox 965 1120 1213 1169; x_wconf 75' lang='lat' dir='ltr'><strong>appositionis</strong></span> <span class='ocrx_word' id='word_1_41' title='bbox 1244 1120 1325 1158; x_wconf 82' lang='lat'>1000</span> <span class='ocrx_word' id='word_1_42' title='bbox 1354 1120 1512 1169; x_wconf 75' lang='lat' dir='ltr'><strong>positus,</strong></span> <span class='ocrx_word' id='word_1_43' title='bbox 1541 1150 1550 1159; x_wconf 89' lang='lat'><strong>.</strong></span> <span class='ocrx_word' id='word_1_44' title='bbox 1596 1150 1605 1160; x_wconf 92' lang='lat'><strong><em>.</em></strong></span> <span class='ocrx_word' id='word_1_45' title='bbox 1661 1120 1712 1160; x_wconf 90' lang='grc'><strong>19</strong></span> 
     </span>
     <span class='ocr_line' id='line_1_8' title="bbox 379 1187 1601 1230; baseline -0.002 -2"><span class='ocrx_word' id='word_1_46' title='bbox 379 1188 415 1230; x_wconf 89' lang='lat'><strong>3.</strong></span> <span class='ocrx_word' id='word_1_47' title='bbox 456 1191 506 1229; x_wconf 86' lang='lat' dir='ltr'><strong>De</strong></span> <span class='ocrx_word' id='word_1_48' title='bbox 537 1189 663 1227; x_wconf 83' lang='lat' dir='ltr'><strong>dativo</strong></span> <span class='ocrx_word' id='word_1_49' title='bbox 692 1188 851 1226; x_wconf 76' lang='lat' dir='ltr'>effectus</span> <span class='ocrx_word' id='word_1_50' title='bbox 886 1187 1087 1226; x_wconf 76' lang='lat' dir='ltr'><strong>coniuncto</strong></span> <span class='ocrx_word' id='word_1_51' title='bbox 1117 1199 1199 1226; x_wconf 85' lang='lat' dir='ltr'><strong>cum</strong></span> <span class='ocrx_word' id='word_1_52' title='bbox 1232 1187 1443 1226; x_wconf 77' lang='lat' dir='ltr'>transitivis</span> <span class='ocrx_word' id='word_1_53' title='bbox 1476 1188 1601 1226; x_wconf 84' lang='lat' dir='ltr'><strong>verbis</strong></span> 
     </span>
    </p>
   </div>
   <div class='ocr_carea' id='block_1_5' title="bbox 374 1254 1713 2006">
    <p class='ocr_par' dir='ltr' id='par_1_5' title="bbox 374 1254 1713 2006">
     <span class='ocr_line' id='line_1_9' title="bbox 457 1254 1709 1295; baseline 0 0"><span class='ocrx_word' id='word_1_54' title='bbox 457 1258 554 1295; x_wconf 85' lang='lat' dir='ltr'><strong>dare</strong></span> <span class='ocrx_word' id='word_1_55' title='bbox 581 1255 726 1294; x_wconf 79' lang='lat' dir='ltr'><strong>habere</strong></span> <span class='ocrx_word' id='word_1_56' title='bbox 755 1263 913 1292; x_wconf 83' lang='lat' dir='ltr'><strong>sumere</strong></span> <span class='ocrx_word' id='word_1_57' title='bbox 929 1254 998 1292; x_wconf 86' lang='lat' dir='ltr'><strong>sim</strong></span> <span class='ocrx_word' id='word_1_58' title='bbox 1001 1282 1603 1295; x_wconf 91' lang='grc'><strong>............</strong></span> <span class='ocrx_word' id='word_1_59' title='bbox 1661 1255 1709 1295; x_wconf 80' lang='lat'><strong>21</strong></span> 
     </span>
     <span class='ocr_line' id='line_1_10' title="bbox 376 1321 1710 1368; baseline -0.001 -4"><span class='ocrx_word' id='word_1_60' title='bbox 376 1324 414 1364; x_wconf 90' lang='grc'><strong>4.</strong></span> <span class='ocrx_word' id='word_1_61' title='bbox 452 1326 504 1363; x_wconf 84' lang='lat' dir='ltr'><strong>De</strong></span> <span class='ocrx_word' id='word_1_62' title='bbox 534 1322 673 1362; x_wconf 75' lang='lat' dir='ltr'><strong>dativis</strong></span> <span class='ocrx_word' id='word_1_63' title='bbox 702 1321 857 1359; x_wconf 78' lang='lat' dir='ltr'><strong>auxilio</strong></span> <span class='ocrx_word' id='word_1_64' title='bbox 879 1321 1077 1368; x_wconf 72' lang='lat' dir='ltr'><strong>proesidio</strong></span> <span class='ocrx_word' id='word_1_65' title='bbox 1107 1321 1289 1358; x_wconf 77' lang='lat' dir='ltr'><strong>subsidio</strong></span> <span class='ocrx_word' id='word_1_66' title='bbox 1313 1349 1603 1362; x_wconf 90' lang='grc'><strong>......</strong></span> <span class='ocrx_word' id='word_1_67' title='bbox 1656 1322 1710 1363; x_wconf 78' lang='lat'><strong>24</strong></span> 
     </span>
     <span class='ocr_line' id='line_1_11' title="bbox 377 1394 1710 1446; baseline -0.003 0"><span class='ocrx_word' id='word_1_68' title='bbox 377 1401 436 1446; x_wconf 81' lang='lat' dir='ltr'><strong>De</strong></span> <span class='ocrx_word' id='word_1_69' title='bbox 474 1397 619 1444; x_wconf 72' lang='lat' dir='ltr'><strong>dativo</strong></span> <span class='ocrx_word' id='word_1_70' title='bbox 648 1394 766 1442; x_wconf 73' lang='lat' dir='ltr'><strong>finali</strong></span> <span class='ocrx_word' id='word_1_71' title='bbox 800 1394 1012 1441; x_wconf 85' lang='lat' dir='ltr'><strong>nominum</strong></span> <span class='ocrx_word' id='word_1_72' title='bbox 1039 1428 1605 1440; x_wconf 89' lang='grc'><strong>...........</strong></span> <span class='ocrx_word' id='word_1_73' title='bbox 1658 1401 1710 1442; x_wconf 81' lang='grc'><strong>26</strong></span> 
     </span>
     <span class='ocr_line' id='line_1_12' title="bbox 378 1466 1598 1515; baseline -0.002 -5"><span class='ocrx_word' id='word_1_74' title='bbox 378 1470 413 1510; x_wconf 85' lang='lat' dir='ltr'><strong>l.</strong></span> <span class='ocrx_word' id='word_1_75' title='bbox 450 1471 504 1509; x_wconf 86' lang='lat' dir='ltr'><strong>De</strong></span> <span class='ocrx_word' id='word_1_76' title='bbox 540 1481 582 1507; x_wconf 85' lang='lat' dir='ltr'><strong>eo</strong></span> <span class='ocrx_word' id='word_1_77' title='bbox 621 1468 730 1512; x_wconf 83' lang='lat' dir='ltr'><strong>huius</strong></span> <span class='ocrx_word' id='word_1_78' title='bbox 760 1467 881 1507; x_wconf 79' lang='lat' dir='ltr'><strong>dativi</strong></span> <span class='ocrx_word' id='word_1_79' title='bbox 911 1479 1002 1514; x_wconf 88' lang='lat' dir='ltr'>usu,</span> <span class='ocrx_word' id='word_1_80' title='bbox 1038 1467 1101 1514; x_wconf 87' lang='lat' dir='ltr'><strong>qui</strong></span> <span class='ocrx_word' id='word_1_81' title='bbox 1132 1466 1265 1504; x_wconf 77' lang='lat' dir='ltr'><strong>Tacito</strong></span> <span class='ocrx_word' id='word_1_82' title='bbox 1295 1478 1378 1504; x_wconf 83' lang='lat' dir='ltr'><strong>cum</strong></span> <span class='ocrx_word' id='word_1_83' title='bbox 1409 1468 1598 1515; x_wconf 82' lang='lat' dir='ltr'>prioribus</span> 
     </span>
     <span class='ocr_line' id='line_1_13' title="bbox 456 1534 1709 1588; baseline -0.001 -12"><span class='ocrx_word' id='word_1_84' title='bbox 456 1537 702 1588; x_wconf 81' lang='lat' dir='ltr'><strong>scriptoribus</strong></span> <span class='ocrx_word' id='word_1_85' title='bbox 713 1537 776 1588; x_wconf 79' lang='lat' dir='ltr'><strong>est</strong></span> <span class='ocrx_word' id='word_1_86' title='bbox 792 1534 1012 1583; x_wconf 82' lang='lat' dir='ltr'>eommunis,</span> <span class='ocrx_word' id='word_1_87' title='bbox 1037 1562 1603 1575; x_wconf 86' lang='grc'><strong>...........</strong></span> <span class='ocrx_word' id='word_1_88' title='bbox 1656 1534 1709 1578; x_wconf 79' lang='grc'><strong>26</strong></span> 
     </span>
     <span class='ocr_line' id='line_1_14' title="bbox 375 1601 1713 1651; baseline 0 -5"><span class='ocrx_word' id='word_1_89' title='bbox 375 1605 412 1646; x_wconf 83' lang='grc'><strong>2.</strong></span> <span class='ocrx_word' id='word_1_90' title='bbox 448 1608 501 1647; x_wconf 91' lang='lat' dir='ltr'><strong>De</strong></span> <span class='ocrx_word' id='word_1_91' title='bbox 524 1617 599 1644; x_wconf 85' lang='lat' dir='ltr'><strong>usu</strong></span> <span class='ocrx_word' id='word_1_92' title='bbox 630 1605 740 1644; x_wconf 88' lang='lat' dir='ltr'><strong>huius</strong></span> <span class='ocrx_word' id='word_1_93' title='bbox 769 1602 892 1643; x_wconf 67' lang='lat' dir='ltr'><strong>dativi⁴</strong></span> <span class='ocrx_word' id='word_1_94' title='bbox 924 1603 1024 1651; x_wconf 80' lang='lat' dir='ltr'><strong>apud</strong></span> <span class='ocrx_word' id='word_1_95' title='bbox 1055 1601 1225 1640; x_wconf 80' lang='lat' dir='ltr'><strong>Tacitum</strong></span> <span class='ocrx_word' id='word_1_96' title='bbox 1270 1601 1402 1641; x_wconf 78' lang='lat' dir='ltr'><strong>latiore</strong></span> <span class='ocrx_word' id='word_1_97' title='bbox 1433 1633 1441 1642; x_wconf 93' lang='lat'><strong>.</strong></span> <span class='ocrx_word' id='word_1_98' title='bbox 1488 1634 1497 1643; x_wconf 90' lang='lat'><strong>.</strong></span> <span class='ocrx_word' id='word_1_99' title='bbox 1543 1634 1552 1643; x_wconf 89' lang='lat'>.</span> <span class='ocrx_word' id='word_1_100' title='bbox 1598 1634 1607 1644; x_wconf 91' lang='lat'><strong>.</strong></span> <span class='ocrx_word' id='word_1_101' title='bbox 1660 1604 1713 1646; x_wconf 84' lang='lat'><strong>28</strong></span> 
     </span>
     <span class='ocr_line' id='line_1_15' title="bbox 376 1677 1708 1737; baseline -0.003 -9"><span class='ocrx_word' id='word_1_102' title='bbox 376 1684 434 1729; x_wconf 83' lang='lat' dir='ltr'><strong>ne</strong></span> <span class='ocrx_word' id='word_1_103' title='bbox 470 1681 613 1728; x_wconf 81' lang='lat' dir='ltr'><strong>dativo</strong></span> <span class='ocrx_word' id='word_1_104' title='bbox 650 1679 767 1727; x_wconf 72' lang='lat' dir='ltr'>finan</span> <span class='ocrx_word' id='word_1_105' title='bbox 805 1677 995 1737; x_wconf 67' lang='lat' dir='ltr'><strong>uer-undu</strong></span> <span class='ocrx_word' id='word_1_106' title='bbox 1033 1677 1339 1736; x_wconf 75' lang='lat' dir='ltr'><strong>uerundivique</strong></span> <span class='ocrx_word' id='word_1_107' title='bbox 1373 1711 1605 1723; x_wconf 89' lang='grc'><strong>.....</strong></span> <span class='ocrx_word' id='word_1_108' title='bbox 1657 1680 1708 1724; x_wconf 87' lang='grc'><strong>31</strong></span> 
     </span>
     <span class='ocr_line' id='line_1_16' title="bbox 375 1749 1594 1800; baseline -0.004 -5"><span class='ocrx_word' id='word_1_109' title='bbox 375 1753 412 1795; x_wconf 90' lang='lat' dir='ltr'><strong>l.</strong></span> <span class='ocrx_word' id='word_1_110' title='bbox 450 1755 502 1794; x_wconf 87' lang='lat' dir='ltr'><strong>De</strong></span> <span class='ocrx_word' id='word_1_111' title='bbox 525 1755 595 1793; x_wconf 86' lang='lat' dir='ltr'><strong>hoc</strong></span> <span class='ocrx_word' id='word_1_112' title='bbox 618 1752 746 1791; x_wconf 79' lang='lat' dir='ltr'><strong>dativo</strong></span> <span class='ocrx_word' id='word_1_113' title='bbox 769 1762 815 1789; x_wconf 83' lang='lat' dir='ltr'><strong>ex</strong></span> <span class='ocrx_word' id='word_1_114' title='bbox 839 1751 963 1790; x_wconf 84' lang='lat' dir='ltr'><strong>verbis</strong></span> <span class='ocrx_word' id='word_1_115' title='bbox 979 1750 1165 1800; x_wconf 76' lang='lat' dir='ltr'>pendente</span> <span class='ocrx_word' id='word_1_116' title='bbox 1187 1749 1250 1789; x_wconf 90' lang='lat' dir='ltr'><strong>vel</strong></span> <span class='ocrx_word' id='word_1_117' title='bbox 1269 1761 1353 1789; x_wconf 81' lang='lat' dir='ltr'><strong>cum</strong></span> <span class='ocrx_word' id='word_1_118' title='bbox 1375 1753 1455 1789; x_wconf 77' lang='lat' dir='ltr'><strong>tota</strong></span> <span class='ocrx_word' id='word_1_119' title='bbox 1476 1763 1594 1790; x_wconf 87' lang='lat' dir='ltr'>enun-</span> 
     </span>
     <span class='ocr_line' id='line_1_17' title="bbox 450 1817 1707 1867; baseline -0.002 -6"><span class='ocrx_word' id='word_1_120' title='bbox 450 1822 612 1861; x_wconf 80' lang='lat' dir='ltr'><strong>tiatione</strong></span> <span class='ocrx_word' id='word_1_121' title='bbox 638 1819 902 1867; x_wconf 81' lang='lat' dir='ltr'>coniungendo</span> <span class='ocrx_word' id='word_1_122' title='bbox 926 1846 1604 1859; x_wconf 86' lang='lat'><strong>.............</strong></span> <span class='ocrx_word' id='word_1_123' title='bbox 1655 1817 1707 1859; x_wconf 91' lang='lat'><strong>31</strong></span> 
     </span>
     <span class='ocr_line' id='line_1_18' title="bbox 374 1885 1595 1935; baseline -0.004 -4"><span class='ocrx_word' id='word_1_124' title='bbox 374 1888 411 1931; x_wconf 83' lang='grc'><strong>2.</strong></span> <span class='ocrx_word' id='word_1_125' title='bbox 448 1891 501 1930; x_wconf 89' lang='lat' dir='ltr'><strong>De</strong></span> <span class='ocrx_word' id='word_1_126' title='bbox 532 1890 600 1929; x_wconf 82' lang='lat' dir='ltr'><strong>hoc</strong></span> <span class='ocrx_word' id='word_1_127' title='bbox 629 1887 757 1927; x_wconf 82' lang='lat' dir='ltr'><strong>dativo</strong></span> <span class='ocrx_word' id='word_1_128' title='bbox 779 1898 825 1926; x_wconf 86' lang='lat' dir='ltr'><strong>ex</strong></span> <span class='ocrx_word' id='word_1_129' title='bbox 850 1885 1045 1925; x_wconf 80' lang='lat' dir='ltr'><strong>adiectivis</strong></span> <span class='ocrx_word' id='word_1_130' title='bbox 1067 1886 1256 1935; x_wconf 77' lang='lat' dir='ltr'>pendente</span> <span class='ocrx_word' id='word_1_131' title='bbox 1281 1885 1338 1924; x_wconf 89' lang='lat' dir='ltr'><strong>vel</strong></span> <span class='ocrx_word' id='word_1_132' title='bbox 1363 1897 1447 1925; x_wconf 86' lang='lat' dir='ltr'><strong>cum</strong></span> <span class='ocrx_word' id='word_1_133' title='bbox 1470 1887 1595 1926; x_wconf 81' lang='lat' dir='ltr'>adiec-</span> 
     </span>
     <span class='ocr_line' id='line_1_19' title="bbox 449 1940 1706 2006; baseline -0.002 -9"><span class='ocrx_word' id='word_1_134' title='bbox 449 1958 540 1997; x_wconf 77' lang='lat' dir='ltr'><strong>tivis</strong></span> <span class='ocrx_word' id='word_1_135' title='bbox 561 1957 725 2006; x_wconf 81' lang='lat' dir='ltr'><strong>proxime</strong></span> <span class='ocrx_word' id='word_1_136' title='bbox 748 1940 1023 2005; x_wconf 61' lang='lat' dir='ltr'><strong>coniungendo⁸</strong></span> <span class='ocrx_word' id='word_1_137' title='bbox 1034 1983 1599 1994; x_wconf 88' lang='grc'><strong>...........</strong></span> <span class='ocrx_word' id='word_1_138' title='bbox 1652 1953 1706 1996; x_wconf 82' lang='grc'><strong>39</strong></span> 
     </span>
    </p>
   </div>
   <div class='ocr_carea' id='block_1_6' title="bbox 372 2021 1707 2070">
    <p class='ocr_par' dir='ltr' id='par_1_6' title="bbox 372 2021 1707 2070">
     <span class='ocr_line' id='line_1_20' title="bbox 372 2021 1707 2070; baseline 0 -6"><span class='ocrx_word' id='word_1_139' title='bbox 372 2022 409 2064; x_wconf 92' lang='lat'><strong>3.</strong></span> <span class='ocrx_word' id='word_1_140' title='bbox 446 2026 500 2064; x_wconf 91' lang='lat' dir='ltr'><strong>De</strong></span> <span class='ocrx_word' id='word_1_141' title='bbox 529 2024 599 2063; x_wconf 81' lang='lat' dir='ltr'><strong>hoc</strong></span> <span class='ocrx_word' id='word_1_142' title='bbox 622 2023 746 2063; x_wconf 80' lang='lat' dir='ltr'><strong>dativo</strong></span> <span class='ocrx_word' id='word_1_143' title='bbox 769 2035 854 2062; x_wconf 85' lang='lat' dir='ltr'><strong>cum</strong></span> <span class='ocrx_word' id='word_1_144' title='bbox 875 2022 1089 2061; x_wconf 83' lang='lat' dir='ltr'><strong>nominibus</strong></span> <span class='ocrx_word' id='word_1_145' title='bbox 1111 2022 1278 2069; x_wconf 86' lang='lat' dir='ltr'><strong>proxime</strong></span> <span class='ocrx_word' id='word_1_146' title='bbox 1302 2021 1566 2070; x_wconf 82' lang='lat' dir='ltr'>coniungendo</span> <span class='ocrx_word' id='word_1_147' title='bbox 1589 2051 1599 2062; x_wconf 87' lang='lat'><strong>.</strong></span> <span class='ocrx_word' id='word_1_148' title='bbox 1651 2022 1707 2064; x_wconf 84' lang='lat'><strong>40</strong></span> 
     </span>
    </p>
   </div>
  </div>
 </body>
</html>
