2032 3286
1592 201 1638 235 15

343 312 499 353 Noaecae
529 310 697 351 alicui
726 325 842 352 esse.
901 309 1045 355 Habet
1088 311 1165 352 hoc
1211 311 1370 352 dietum
1423 315 1523 353 ante
1575 311 1698 353 Taci-

243 383 336 420 tum
387 377 624 420 Sallustius.
696 375 820 432 Apud
862 379 982 419 illum
1025 378 1185 419 duobus
1228 381 1293 419 est
1339 379 1458 420 locis:
1507 380 1591 422 An.
1630 378 1696 420 III

249 447 320 488 13.
359 446 385 486 4
424 446 536 502 quod
566 459 694 501 neque
724 447 954 488 convictum
985 460 1132 487 nome
1170 459 1254 487 reo
1283 458 1387 500 eqs.,
1424 445 1477 486 cf.
1499 459 1532 487 s.
1553 459 1590 487 ν.
1622 446 1698 488 ab·

243 512 510 554 solutioni.
600 517 683 553 Au.
722 511 784 552 IV
821 513 897 561 36,
940 513 997 554 12
1047 513 1194 567 Neque
1242 520 1376 553 tamen
1423 514 1469 552 id
1506 513 1698 555 Sereno

243 594 386 621 nooeoe
411 579 447 637 f
452 579 505 620 ui
515 585 542 628 t,
573 593 691 634 quem
722 580 864 620 odium
886 579 1107 636 publicum
1139 580 1329 621 tutiorem
1350 579 1553 636 faciebat.

342 646 527 687 Emitio
557 645 723 687 alicui
752 661 859 687 esse
895 646 992 688 inde
1028 661 1053 687 a
1088 645 1231 687 Plauti
1265 646 1525 699 temporibus
1561 647 1698 687 usita-

242 715 348 753 tum.
421 711 593 753 Tacitus
640 713 813 766 praebet:
857 711 912 756 H.
949 712 993 754 II
1033 712 1073 762 l,
1115 714 1141 754 3
1180 713 1291 769 quod
1328 714 1449 753 varia
1490 721 1597 754 sorte
1627 713 1696 753 ἰω-

173 799 178 805 -
243 787 329 820 tum
354 779 593 836 reipublicae
623 787 694 820 aut
727 787 860 829 atro-r,
896 782 948 836 ip
959 782 1034 821 sis
1055 795 1090 836 p
1099 796 1122 820 r
1132 782 1149 820 i
1158 795 1184 820 n
1195 796 1216 821 6
1226 781 1279 836 ip
1291 781 1308 820 i
1319 781 1342 821 b
1353 795 1380 820 u
1390 796 1410 820 3
1441 795 1695 836 prosperum

242 846 304 887 vel
347 847 510 887 exitio
546 845 676 902 fuit.
735 846 819 887 An,
857 846 922 887 III
962 847 1037 897 28,
1078 850 1103 888 6
1151 848 1375 888 deterrima
1414 862 1582 902 quoeque
1611 848 1696 903 >inq

237 927 352 968 pune
382 928 430 953 ae
459 912 592 953 multa
621 912 788 954 honesta
817 914 983 955 exitio
1001 914 1168 971 fuere.
1204 914 1287 954 An.
1308 911 1373 953 III
1394 913 1469 961 55,
1495 914 1550 953 10
1572 914 1695 954 Post-

243 994 369 1034 quam
387 979 565 1020 caedibus
581 981 766 1020 saevitum
782 987 870 1020 erat
886 988 922 1021 et
937 981 1182 1035 maym'tudo
1193 980 1327 1036 famae
1357 981 1521 1021 exitio
1557 988 1690 1028 erat,

243 1046 366 1087 ceteri
410 1047 466 1086 ad
510 1047 765 1101 sapientiora
803 1054 1044 1087 convertere.
1130 1046 1213 1088 Au.
1252 1044 1312 1086 XI
1357 1045 1432 1095 24,
1474 1045 1494 1085 1
1506 1047 1529 1087 7
1577 1046 1692 1098 Quid

244 1111 362 1152 aliud
392 1113 555 1153 exitio
593 1112 1014 1153 Laeedoemoniis
1044 1121 1088 1154 et
1118 1112 1530 1154 Atheniensibus
1551 1113 1688 1170 fuit,

243 1193 495 1234 quamquam
526 1180 656 1219 armis
680 1178 898 1234 pollerent,
930 1180 1014 1219 nisi
1044 1180 1155 1234 quod
1184 1180 1311 1219 victos
1334 1193 1417 1233 pro
1447 1178 1692 1233 alieniyenis

244 1242 466 1285 arcebant?
551 1244 633 1285 Au.
673 1243 774 1285 XVI
815 1245 887 1294 14,
921 1244 977 1284 12
1017 1245 1162 1300 IVeque
1197 1245 1378 1285 nescium
1407 1244 1579 1285 babebat
1596 1277 1604 1285 .
1624 1277 1633 1285 .
1652 1277 1660 1285 .
1679 1277 1689 1285 .

246 1326 414 1367 eamque
444 1326 616 1352 eausam
646 1311 828 1352 multis
858 1313 1021 1353 exitio
1052 1326 1169 1352 esse.

342 1380 456 1418 Ante
491 1376 688 1419 Tacitum
722 1391 806 1418 non
846 1378 1084 1419 invenimus
1120 1377 1197 1418 hoc
1231 1377 1403 1427 dictum,

344 1445 575 1486 Excidio
606 1444 771 1486 alieni
806 1460 925 1495 esse,
959 1444 1067 1500 quod
1086 1447 1151 1486 est
1178 1442 1231 1485 H.
1250 1443 1271 1485 I
1303 1445 1378 1494 80,
1403 1444 1428 1485 2
1455 1445 1594 1486 Parvo
1624 1447 1691 1486 in-

245 1513 365 1552 terim
394 1513 530 1561 initio,
569 1513 678 1552 unde
708 1511 817 1552 nihil
847 1512 1082 1560 timebatur,
1117 1518 1209 1553 orta
1239 1512 1386 1551 seditio
1408 1526 1545 1567 prope
1576 1513 1693 1552 urbi

243 1579 446 1619 excidio
468 1579 595 1635 fuit.

346 1643 454 1684 Tum
499 1647 755 1686 annotamus
795 1659 820 1686 a
862 1644 1011 1686 Tacito
1056 1659 1141 1685 non
1186 1645 1381 1697 usurpari
1416 1644 1542 1684 verba
1578 1643 1692 1685 haud

243 1724 378 1764 pauca
414 1711 695 1758 consimilium
731 1711 1105 1765 significationum,
1158 1725 1251 1765 quae
1285 1710 1393 1765 apud
1421 1710 1524 1751 alios
1560 1711 1693 1764 scrip-

243 1780 354 1818 tores
390 1778 679 1827 inveniuntur,
716 1781 766 1818 ut
802 1775 902 1818 'esse
937 1778 1061 1819 alicui
1089 1778 1258 1825 auxilio,
1296 1777 1551 1825 adiumento,
1589 1777 1691 1818 sub—

243 1842 361 1893 sidio,
410 1843 555 1894 saluti,
593 1843 765 1893 fructui,
815 1844 1010 1892 utilitati,
1061 1843 1184 1894 malo,
1221 1844 1388 1894 damno,
1437 1843 1692 1893 calamitati,

245 1909 399 1959 fraudi,
437 1910 585 1960 labori,
624 1908 902 1961 detrimento',
940 1911 1033 1952 sim.

248 2034 303 2078 l).
352 2033 476 2075 Esse
500 2033 662 2075 alicui
692 2031 960 2080 miraculo,
982 2031 1227 2082 ludibrio,
1247 2032 1462 2080 derisui,
1490 2033 1690 2084 irrisui,

247 2100 529 2155 despectui,
555 2099 863 2146 deridiculo,
885 2097 1114 2146 fastidio,
1133 2098 1298 2146 taedio,
1316 2098 1537 2148 invidiae,
1559 2099 1690 2140 odio.

347 2178 501 2221 Omnia
541 2177 627 2219 haec
673 2176 812 2227 verba,
867 2177 1039 2229 excepto
1075 2174 1273 2217 vocabulo
1322 2176 1542 2231 despectui,
1591 2179 1694 2218 sunt

246 2246 394 2288 Tacito
428 2258 524 2285 cum
559 2243 767 2299 prioribus
803 2242 1078 2297 scriptoribus
1113 2241 1363 2282 communia.
1682 2253 1690 2261 ·

347 2311 611 2355 Miraoulo
650 2311 815 2352 alicui
852 2325 955 2351 esse
998 2312 1063 2350 est
1117 2308 1228 2362 apud
1284 2307 1445 2349 Livium
1487 2309 1688 2363 aliosque.

247 2379 341 2422 Duo
376 2381 478 2421 sunt
514 2378 590 2420 loci
626 2376 808 2420 Tacitei:
845 2377 928 2418 An.
966 2375 1028 2418 IV
1058 2376 1134 2425 66,
1166 2376 1190 2417 8
1236 2376 1285 2417 Ρ.
1315 2375 1583 2417 Dolabellam
1621 2392 1690 2419 3ο-

247 2449 357 2490 cium
394 2446 617 2488 delationis
648 2446 832 2486 eat-titisse
872 2444 1129 2486 miraculo
1166 2451 1285 2494 erat,
1318 2444 1418 2498 quia
1446 2457 1530 2497 eqS.
1601 2446 1687 2485 An.

246 2513 329 2556 XV
354 2514 429 2563 42,
459 2513 483 2553 2
525 2512 718 2554 Ceterum
747 2511 862 2552 Nero
879 2541 889 2551 .
908 2542 917 2551 .
936 2542 946 2552 .
968 2543 977 2552 .
1008 2512 1289 2565 exstruxitque
1318 2510 1497 2559 domum,
1533 2511 1577 2550 in
1607 2525 1692 2565 qua

247 2582 361 2623 baud
382 2580 563 2636 perinde
590 2593 761 2633 qemmoe
791 2585 828 2618 et
858 2592 1009 2618 aurum
1038 2577 1282 2618 miraculo
1312 2584 1498 2625 essent,
1527 2590 1615 2631 eqs.

346 2646 613 2689 Ludibrio
653 2644 822 2685 alicui
858 2657 963 2685 esse
1007 2643 1153 2685 dicunt
1186 2641 1325 2684 Cicero
1360 2641 1584 2685 Sallustius
1622 2643 1692 2686 Li-

248 2715 341 2756 vius
385 2714 472 2755 alii.
543 2711 621 2753 Est
657 2713 764 2765 Agr.
806 2711 881 2760 31,
924 2711 981 2751 10
1027 2713 1091 2751 Ae
1127 2711 1233 2750 sieut
1269 2711 1313 2750 in
1339 2709 1518 2766 familia
1554 2727 1692 2753 recen-
