2032 3286
1585 234 1608 269 7

212 345 377 389 derisui'
423 347 533 388 idem
578 345 689 400 quod
736 343 992 394 'ludim-ium,
1043 345 1175 386 risum
1209 358 1389 394 movere,
1426 344 1664 396 concitare',

212 412 313 455 'esse
360 409 624 468 argumento'
670 410 781 453 idem
821 410 932 466 quod
975 408 1287 467 'argumentum
1322 409 1503 453 afferre’.
1574 412 1666 455 Hoc

211 478 331 520 modo
376 480 412 520 si
454 478 681 519 locutiones
728 477 824 519 illas
872 477 1220 531 interpretamur,
1258 478 1401 518 omnia
1437 477 1523 519 fere
1558 479 1665 521 bene

210 545 338 587 fluere
374 545 582 593 videntur,
621 546 749 598 atque
784 543 991 598 probatur
1026 543 1220 585 dativum
1253 557 1400 585 casum
1426 543 1470 584 in
1489 544 1565 585 hoc
1582 560 1664 587 usu

210 611 451 667 significare
485 610 527 652 id
561 610 672 665 quod
707 609 892 651 efficitur
924 624 974 651 ea
1009 624 1067 660 re,
1088 624 1183 665 quae
1200 612 1265 651 est
1282 610 1532 661 subiectum,
1552 612 1662 665 quod

209 678 376 729 dicitur,
413 677 734 720 enuntiationis.
805 675 949 731 Atque
983 677 1019 718 si
1054 680 1284 732 supersunt
1307 676 1471 718 dicendi
1488 690 1661 733 genera,

209 760 301 800 quae
326 745 424 787 huie
453 744 764 798 interpretandi
796 744 953 786 rationi
983 744 1208 786 videantur
1223 758 1477 799 repugnare,
1501 745 1585 786 veri
1604 746 1663 786 si-

209 812 308 854 mile
318 812 485 853 videtur
500 811 554 853 ad
571 810 957 852 vetustissimarum
973 811 1229 853 locutionum
1241 810 1562 853 similitudinem
1576 811 1662 854 alia

209 892 258 920 ae
276 891 385 919 nova
400 891 490 919 esse
507 877 705 918 formata.
743 876 813 918 Ita
832 879 951 919 cordi
966 878 1096 918 alicui
1111 892 1195 919 esse
1212 878 1304 918 sine
1316 876 1441 918 dubio
1456 877 1510 919 ad
1524 879 1662 919 varie-

207 947 342 987 tatem
393 944 597 986 orationis
633 944 940 998 assequendam
974 948 1116 986 ortum
1161 949 1226 987 est
1271 958 1294 986 e
1328 943 1439 986 dicto
1481 944 1661 1000 vulgato

207 1026 290 1053 esse
320 1012 450 1053 alicui
480 1025 600 1053 euroe.
670 1009 853 1052 Restant
886 1010 1115 1053 locutiones
1149 1010 1356 1066 quaedam,
1394 1014 1443 1051 ut
1472 1013 1661 1062 amictui,

207 1079 365 1121 cibatui
395 1078 525 1119 alicui
553 1092 637 1119 esse
671 1077 781 1127 sim„
812 1077 862 1119 de
897 1077 1051 1132 quibus
1070 1077 1184 1119 infra
1201 1078 1322 1119 nobis
1343 1077 1563 1119 dicendum
1579 1082 1658 1121 est.

306 1144 395 1186 Iam
449 1147 710 1185 revertamus
764 1143 816 1185 ad
869 1158 964 1185 eam
998 1158 1100 1193 rem,
1154 1144 1205 1190 de
1256 1157 1341 1197 qua
1395 1143 1514 1185 nobis
1565 1147 1661 1187 erat

206 1211 505 1253 disserendum.
575 1210 799 1260 Quaeritur,
820 1225 922 1252 num
959 1211 1060 1264 quid
1097 1211 1269 1253 intersit
1303 1211 1416 1252 inter
1445 1225 1514 1252 eos
1533 1211 1657 1261 locos,

205 1278 278 1333 qui
324 1278 449 1328 hunc,
498 1277 549 1318 de
582 1290 665 1331 quo
712 1277 895 1332 agimus,
944 1277 1136 1319 dativum
1172 1276 1376 1331 praebent,
1413 1281 1457 1319 et
1492 1291 1575 1328 eos,
1612 1278 1658 1320 in

204 1338 356 1399 quibus
402 1358 478 1398 pro
520 1343 593 1385 illo
634 1343 778 1384 dativo
813 1345 878 1385 est
912 1344 1201 1385 nominativus
1237 1344 1321 1397 (vel
1359 1345 1657 1401 accusativus).

204 1410 268 1452 Ex
305 1411 403 1451 loeis
439 1425 464 1451 a
498 1409 648 1463 Robyo
682 1409 826 1452 allatis
863 1409 1095 1452 afferamus
1137 1409 1222 1451 Cic.
1258 1409 1383 1451 Verr.
1423 1410 1518 1451 Act.
1556 1410 1577 1451 I
1615 1412 1657 1457 4,

208 1477 283 1526 11,
321 1477 393 1519 ubi
428 1477 588 1532 legitur
624 1478 742 1518 cuius
772 1477 923 1532 leyatio
953 1478 1173 1518 exitium
1198 1476 1295 1532 suit
1322 1478 1438 1518 Asiae
1468 1479 1594 1519 totius
1623 1485 1661 1519 et

203 1544 477 1600 Pamphylioe.
547 1543 707 1593 Quibus
754 1544 891 1585 verbis
938 1542 1079 1585 Cicero
1126 1557 1211 1585 non
1257 1542 1300 1584 id
1343 1543 1500 1585 dixisse
1540 1544 1660 1586 nobis

202 1610 381 1653 videtur.
420 1611 677 1665 legationem
723 1610 812 1651 eius
858 1610 951 1659 viri,
989 1609 1040 1651 de
1074 1624 1157 1664 quo
1191 1609 1393 1664 loquitur,
1432 1609 1544 1651 Asiae
1578 1611 1660 1652 toti

203 1677 399 1718 attulisse
436 1677 627 1724 exitium,
665 1676 735 1717 sed
778 1702 831 1707 —
871 1676 983 1731 quod
1018 1677 1153 1717 multo
1186 1677 1360 1731 gravius
1399 1677 1660 1718 vehementi-

201 1757 334 1798 usque
368 1742 523 1785 dieitur
565 1768 618 1774 --
649 1743 829 1800 fuisse
863 1743 1040 1784 exitium
1077 1745 1207 1796 (suet.
1246 1740 1445 1798 'utgisra'J
1482 1744 1509 1784 i,
1546 1757 1582 1784 e.
1615 1743 1661 1784 in

201 1810 414 1864 legatione
447 1810 537 1851 eius
573 1809 750 1852 exitium
785 1810 899 1852 Asiae
931 1810 1064 1852 totius
1100 1813 1144 1851 et
1177 1809 1439 1865 Pamphyliae
1473 1824 1562 1851 esse
1586 1824 1661 1865 po-

202 1876 332 1918 situm
368 1877 433 1918 vel
477 1867 731 1918 constitisse.
785 1876 921 1919 Simili
957 1877 1122 1918 ratione
1158 1877 1231 1918 alii
1267 1876 1391 1918 huius
1434 1876 1546 1918 modi
1581 1877 1660 1919 loci

203 1944 432 1998 accipiendi
471 1943 682 1985 videntur.
754 1942 839 1985 Cic.
871 1943 922 1985 de
943 1942 1036 1984 Fin.
1057 1942 1100 1984 II
1123 1943 1197 1991 18,
1222 1944 1281 1984 50
1303 1945 1421 1984 cuius
1451 1959 1564 1985 mors
1582 1944 1661 1985 tibi

202 2011 598 2053 emolumentum
619 2010 778 2067 futura
806 2012 861 2051 sit
891 2009 1001 2051 idem
1036 2013 1102 2050 est
1136 2012 1266 2063 atque
1300 2010 1336 2050 si
1372 2010 1549 2051 dicimus
1568 2011 1658 2052 eius

204 2079 336 2118 morte
371 2077 449 2118 tibi
485 2076 814 2117 emolumentum
858 2078 1106 2117 contentum
1141 2076 1207 2117 iri.
1280 2075 1421 2129 Atque
1457 2076 1588 2117 etiam
1622 2076 1657 2117 si

202 2142 312 2185 locos
353 2144 446 2185 illos
481 2139 775 2185 Ciceronianos
810 2143 922 2183 inter
958 2156 1002 2183 se
1037 2141 1287 2190 simillimos,
1325 2142 1478 2195 quibus
1514 2142 1659 2184 allatis

204 2207 324 2264 Roby
359 2209 620 2251 sententiam
655 2222 777 2250 suam
806 2207 1023 2250 firmatam
1040 2210 1198 2258 censet,
1218 2208 1546 2259 consideramus,
1569 2208 1660 2250 dico
1703 2245 1711 2251 .

202 2275 324 2319 Tusc.
361 2275 480 2331 Disp.
518 2275 540 2316 I
581 2275 655 2326 14,
695 2276 751 2317 31
791 2276 1075 2317 Maoeimum
1104 2290 1198 2317 vero
1229 2284 1661 2330 argumentante-st

202 2351 398 2385 naturam
427 2344 566 2400 ipsam
596 2343 647 2384 de
675 2342 989 2384 immortalitate
1016 2343 1253 2384 animorum
1270 2343 1441 2384 tacitam
1456 2343 1660 2392 iudicare,

195 2412 315 2466 quod
349 2411 540 2452 omnibus
569 2423 678 2451 σαν-ω
707 2418 803 2451 sunt
832 2417 868 2451 et
897 2411 1091 2451 maaeimoe
1121 2411 1301 2465 quidem,
1319 2425 1408 2465 quae
1430 2418 1530 2465 post
1544 2425 1660 2451 mor-

203 2484 282 2519 tem
302 2477 461 2535 futura
490 2478 574 2519 sint
598 2478 640 2517 et
662 2474 759 2518 Sen.
787 2476 864 2526 21,
897 2477 956 2519 78
974 2491 1234 2533 maynoqae
1263 2491 1346 2518 esse
1362 2485 1662 2532 aryumento

203 2543 386 2585 homines
421 2546 527 2585 scire
549 2543 753 2599 pleraque
782 2551 877 2584 ante
906 2558 1032 2599 quam
1061 2545 1153 2584 nati
1182 2545 1279 2592 sint,
1309 2544 1421 2598 quod
1435 2544 1522 2584 iam
1533 2546 1664 2600 pueri

204 2642 213 2651 .
232 2642 242 2652 .
261 2643 270 2652 .
289 2643 299 2653 .
323 2613 384 2653 ita
413 2611 598 2654 celeriter
624 2625 691 2652 res
720 2609 1044 2652 innumerabiles
1074 2611 1295 2667 adripiant
1318 2623 1420 2665 eqs.,
1442 2609 1557 2653 haud
1574 2611 1663 2654 seio

204 2692 259 2718 an
306 2680 436 2720 etiam
484 2678 553 2719 hic
599 2677 770 2718 intersit
816 2677 989 2732 aliquid,
1026 2691 1157 2731 quum
1193 2677 1238 2718 in
1274 2677 1344 2718 illo
1378 2677 1468 2719 loco
1504 2678 1661 2721 dicitur

203 2745 436 2787 maximum
471 2747 775 2800 argumentum
808 2757 858 2785 ea
893 2758 938 2785 re
966 2743 1185 2794 contineri,
1206 2743 1317 2798 quod
1335 2744 1534 2788 omnibus
1553 2760 1661 2788 curae
