2032 3286
1583 236 1632 268 25

235 348 281 388 in
329 347 492 388 dicendi
549 346 767 395 formulis,
823 347 968 400 quales
1026 349 1129 388 sunt
1187 348 1378 403 colloquio
1429 350 1533 390 diem
1592 348 1696 390 deli-

231 430 339 471 qe-re,
384 416 527 457 castris
566 415 701 457 locum
738 429 890 470 capere,
928 416 1101 471 receptui
1130 416 1291 471 siquam
1328 415 1393 456 vel
1423 419 1597 473 receptui
1626 432 1694 456 ca-

236 497 328 523 nere
356 495 449 524 sim.

338 558 430 601 Iam
468 560 520 602 ad
558 559 664 602 locos
700 559 733 601 Τ
744 561 898 602 aciteos
936 558 1176 602 afferendos
1210 562 1495 602 transeamus.
1551 560 1601 602 In
1621 561 1695 602 ho-

235 641 330 668 rum
373 627 667 669 vocabulorum
714 641 795 668 usu
830 627 937 669 nihil
983 627 1070 668 fere
1111 641 1137 668 a
1174 627 1383 681 prioribus
1421 628 1697 682 scriptoribus

235 694 446 749 discrepat
480 694 667 737 Tacitus.

339 772 382 813 E
389 789 463 815 sse
481 775 676 828 prce-sidio
698 777 762 815 est
780 773 884 828 Agr.
907 774 982 823 22,
1009 773 1083 814 10.
1113 773 1295 820 Auxilio,
1313 774 1490 815 subsidio
1510 789 1592 815 esse
1610 787 1695 814 non

236 840 490 881 invenimus.
527 839 605 882 Sed
641 840 708 882 hic
737 842 818 882 duo
853 840 927 882 loci
966 839 1175 882 afferendi
1210 843 1326 881 sunt.
1398 840 1481 881 An.
1520 839 1541 881 I
1569 841 1612 891 8,
1633 839 1695 881 24

236 907 320 948 Die
345 908 504 961 funeris
534 908 677 948 milites
707 908 809 949 velut
836 909 1081 963 prcesidio
1111 915 1261 956 scetere,
1279 920 1366 961 eqS.
1403 910 1486 949 An.
1510 906 1592 948 XII
1616 908 1694 957 29,

242 974 298 1014 10
337 975 574 1029 scripsitque
612 974 810 1030 Palpellio
852 975 1004 1023 Histro,
1043 975 1114 1029 qui
1150 974 1411 1017 Pannoniam
1435 975 1693 1029 praesidebat,

236 1038 430 1096 leqionem
468 1043 637 1096 ipsaque
678 1056 697 1082 e
728 1043 942 1096 provincia
980 1041 1076 1082 lecta
1117 1041 1274 1082 auxilia
1302 1056 1379 1097 pro
1409 1043 1502 1096 ripa
1532 1055 1695 1097 compo-

236 1123 340 1155 nere,
370 1108 606 1149 subsidio
637 1110 791 1149 victis
820 1117 854 1149 et
884 1117 1076 1149 terrorem
1106 1110 1301 1149 adversus
1332 1109 1510 1157 victores,
1541 1123 1588 1149 ne
1603 1121 1691 1161 eqs.

235 1173 287 1215 In
323 1175 393 1216 illo
434 1175 524 1217 'loco
572 1175 808 1229 putandum
846 1180 910 1217 est
945 1176 988 1216 in
1026 1174 1153 1216 verbo
1182 1183 1318 1217 stetere
1347 1176 1481 1216 inesse
1520 1175 1692 1217 verbum

221 1234 552 1284 'substantivum
588 1243 653 1284 vel
690 1242 943 1284 audiendum
963 1245 1028 1284 cst
1045 1241 1332 1296 partIcipium‚
1354 1242 1463 1296 quod
1480 1245 1544 1284 est
1563 1242 1695 1292 ὄντες,

235 1309 281 1350 in
317 1308 393 1350 hoc
429 1313 572 1351 autem
608 1309 774 1351 dativos
812 1309 1089 1363 appositionis
1124 1309 1213 1350 loco
1248 1309 1404 1363 positos
1441 1324 1528 1350 esse
1564 1327 1585 1351 c
1621 1325 1693 1351 vo-

235 1375 385 1417 cabulo
421 1378 623 1430 sequente
659 1385 849 1417 terrorem
880 1375 1158 1417 manifestum
1194 1378 1258 1416 est
1294 1378 1421 1430 atque
1445 1376 1696 1432 intellegen-

236 1442 336 1483 dum
374 1445 439 1483 est
475 1443 746 1497 participium
781 1442 897 1484 verbi
916 1442 1192 1492 substantivi,
1219 1443 1328 1496 quod
1348 1446 1413 1484 est
1430 1443 1548 1485 ὄντα.
1587 1431 1696 1485 Con-

237 1509 433 1551 ferantur
468 1510 548 1551 duo
593 1509 637 1550 hi
673 1510 770 1551 loci:
816 1508 985 1551 Petron.
1027 1511 1103 1559 89,
1144 1510 1203 1550 45
1236 1510 1433 1565 parvulas
1462 1511 1523 1551 illi
1551 1527 1698 1552 marnas

239 1574 243 1636 Ι
277 1577 332 1616 ad
361 1591 433 1617 ora
452 1580 644 1625 referunt,
661 1584 796 1618 neuter
817 1576 1014 1618 auoeilio
1045 1576 1165 1626 sibi,
1197 1571 1202 1637 Ι
1237 1584 1399 1632 uterque.
1421 1579 1693 1633 fratrieqs.

235 1643 326 1685 Liv.
365 1642 488 1685 XXII
528 1645 603 1694 23,
648 1643 705 1685 10
745 1659 835 1684 eum
866 1645 980 1685 tertia
1020 1643 1249 1699 (exercitus
1286 1647 1424 1700 parte)
1461 1648 1545 1700 ipse
1575 1657 1695 1701 expe-

234 1712 319 1751 dita
350 1712 390 1750 in
422 1712 588 1752 statione
617 1719 703 1753 erat
733 1710 854 1751 simul
882 1713 1064 1752 castri-3
1089 1712 1345 1766 praesidio
1369 1719 1403 1752 et
1432 1714 1697 1768 circumspec-

235 1784 323 1817 tans
352 1791 439 1831 eqs.

334 1854 438 1896 Cum
485 1855 611 1897 verbo
658 1855 913 1897 veniendi
961 1869 1041 1896 vox
1087 1856 1265 1897 subsidio
1301 1857 1575 1911 coniungitur
1611 1871 1697 1898 uno

235 1921 323 1963 loeo
360 1921 442 1963 An.
476 1922 536 1964 IV
576 1924 652 1974 59,
693 1924 718 1964 9
758 1924 829 1979 qui
857 1923 1090 1963 subsidio
1122 1931 1318 1964 venerant.

336 2012 479 2054 Verba
498 2013 743 2054 mittendi
761 2013 984 2054 ducendi
1008 2027 1103 2054 cum
1124 2012 1191 2053 his
1209 2012 1363 2054 dativis
1383 2014 1493 2066 apud
1511 2014 1694 2067 optimos

235 2080 457 2135 scriptores
494 2093 676 2135 persaepe
712 2079 910 2134 coniungi
949 2079 1215 2120 notissimum
1248 2083 1330 2127 est3
1368 2079 1478 2134 apud
1497 2079 1694 2122 Tacitum

237 2146 326 2187 haec
362 2149 463 2187 sunt
497 2147 704 2201 exempla.
777 2146 832 2188 H.
872 2145 932 2187 IV
973 2147 1049 2193 27,
1090 2147 1117 2186 3
1155 2147 1339 2200 misitque
1368 2148 1600 2188 subsidio
1629 2163 1695 2188 co-

237 2213 400 2255 hortem.
460 2212 545 2255 An.
600 2212 662 2256 IV
710 2214 783 2264 73,
838 2212 895 2254 10
950 2215 1173 2269 equitesque
1222 2212 1420 2267 quiomcm
1466 2214 1697 2256 subsidio

236 2284 389 2323 missos.
448 2280 532 2323 An.
583 2280 667 2323 XII
706 2281 782 2331 40,
826 2281 883 2322 18
923 2289 958 2322 et
986 2282 1120 2321 missoe
1159 2281 1358 2321 auxilio
1398 2281 1571 2323 cohortes
1606 2295 1691 2336 eqs.

236 2348 320 2390 An.
376 2348 464 2390 III.
496 2350 539 2399 9,
591 2351 617 2391 3
672 2364 760 2405 quae
812 2348 957 2406 (legio)
986 2380 995 2389 .
1027 2380 1036 2389 .
1067 2380 1076 2388 .
1104 2345 1201 2390 dein
1244 2350 1492 2403 proesidio
1538 2350 1699 2405 Africae

193 2461 197 2465 ,
235 2416 466 2458 ducebatur.

340 2495 550 2537 Arce-§sere
587 2496 739 2536 <auxilio
785 2495 888 2536 dicit
924 2495 1076 2545 Caesar,
1115 2493 1163 2534 B.
1185 2493 1235 2535 G.
1275 2493 1338 2535 III
1379 2494 1450 2534 11.
1522 2493 1697 2536 Tacitus

237 2561 380 2604 eodem
429 2563 549 2604 modo
598 2562 811 2605 connectit
858 2562 987 2604 verba
1037 2561 1278 2604 acciendi
1339 2561 1554 2603 vocandi
1609 2576 1698 2616 po-

237 2629 433 2670 scendi.
481 2631 624 2671 Aeeire
653 2629 807 2670 amilio
836 2629 947 2669 idem
981 2632 1046 2670 est
1082 2628 1190 2682 quod
1229 2627 1382 2670 'iubere
1415 2629 1558 2670 venire
1577 2631 1700 2672 auxi·
1749 2653 1753 2658 ·

237 2693 323 2738 lio'.
395 2695 448 2740 H.
486 2695 548 2739 IV
586 2698 662 2749 73,
705 2697 762 2738 10
801 2701 839 2739 et
867 2698 985 2738 acciti
1013 2696 1215 2738 auxilio
1246 2695 1445 2738 Germani
1473 2710 1560 2752 eqs.
1612 2697 1696 2740 An.

238 2761 300 2804 IV
339 2765 415 2816 67,
456 2765 516 2805 24
551 2766 821 2823 populumque
862 2780 909 2805 ac
948 2772 1128 2806 senatum
1158 2764 1352 2805 auxilio
1385 2779 1535 2807 vocare.
1612 2766 1695 2807 An.
