2032 3286
400 229 445 262 12

337 341 532 382 Cicerone
569 339 685 380 Livio
721 339 813 380 aliis
850 338 1086 380 adhibetur.
1133 336 1258 389 Apud
1294 335 1488 377 Tacitum
1526 337 1568 378 id
1605 350 1686 378 non
1723 337 1790 379 in-

338 408 530 448 venimus
570 406 650 447 nisi
693 406 736 447 in
783 404 994 446 Historiis.
1055 401 1110 443 H.
1142 401 1208 443 III
1246 403 1321 452 53,
1366 403 1422 444 16
1472 403 1589 445 illis
1616 404 1789 446 Moesiae

329 489 495 531 pacem,
543 473 650 515 sibi
688 472 861 514 salutem
892 471 1231 525 securitatemque
1260 469 1400 511 Italiae
1431 472 1584 512 cordi
1605 470 1790 529 fuisse.

336 541 391 582 H.
429 540 491 583 IV
529 541 605 589 58,
645 541 703 580 25
751 543 787 581 si
824 540 969 581 vobis
1004 553 1086 579 non
1121 537 1237 594 fuit
1274 539 1430 578 cordi
1472 551 1535 579 me
1576 539 1678 580 duee
1708 539 1791 580 haec

339 614 478 650 castra
500 641 508 649 .
531 641 540 649 .
565 643 574 651 .
597 639 606 648 .
647 608 808 648 servari
836 620 923 660 eqS.
962 604 1017 646 H.
1046 603 1106 645 IV
1136 604 1210 654 81,
1254 604 1309 645 18
1349 605 1406 646 Id
1429 605 1617 663 fortasse
1647 606 1793 647 cordi

337 677 463 725 deis,
496 689 582 729 eqs.

437 742 638 783 Pudori
684 740 848 780 alicui
894 753 1012 779 esse.
1091 736 1369 778 Notissimum
1402 741 1467 779 est
1505 737 1788 780 Horatianum

339 809 442 848 illud
481 807 557 848 Od.
596 806 637 847 II
676 807 718 855 4,
752 807 768 846 1
814 804 891 845 'Ne
927 805 983 844 sit
1019 804 1181 845 ancillae
1216 804 1293 844 tibi
1333 818 1450 845 amor
1485 803 1658 858 pudori'.
1714 805 1791 847 Ce-

337 879 475 914 terum
511 878 574 914 est
612 872 685 913 hoc
722 872 880 914 dictum
918 870 1028 924 apud
1078 870 1241 912 Livium
1297 869 1516 912 Valerium
1553 870 1789 912 Maximum

337 940 454 981 alios.
526 939 577 979 In
614 939 781 993 scriptis
817 937 954 978 Taciti
995 938 1257 978 invenimus:
1295 937 1537 986 An.1137,
1562 938 1617 978 15
1674 939 1791 978 Nam

336 1023 406 1062 eqo
425 1040 434 1048 .
454 1040 463 1048 .
485 1040 493 1048 .
513 1040 521 1048 .
554 1008 657 1048 satis
689 1007 903 1055 habebam,
943 1007 980 1046 si
1018 1012 1155 1046 tenues
1193 1020 1258 1046 res
1295 1020 1393 1046 meoe
1429 1020 1511 1047 non
1540 1006 1671 1047 mihi
1692 1021 1790 1062 pu-

336 1076 452 1115 dori
482 1089 553 1115 nee
584 1075 779 1129 cuiquam
809 1074 925 1114 oneri
947 1072 1142 1130 forent.
1173 1097 1226 1101 —
1259 1070 1342 1112 An.
1365 1070 1425 1112 IV
1449 1072 1524 1121 57,
1552 1073 1608 1113 10
1647 1072 1788 1113 Erant

335 1144 408 1196 qui
438 1143 648 1183 crederent
679 1143 723 1181 in
753 1147 952 1181 senectute
983 1140 1171 1194 corporis
1196 1154 1355 1194 quoque
1379 1139 1565 1180 habitum
1589 1141 1793 1195 pudori

326 1209 514 1265 fuisse.

437 1276 644 1316 Rubori
700 1274 867 1315 alicui
918 1288 1019 1313 esse
1072 1273 1126 1313 ab
1179 1271 1325 1314 Ovidio
1386 1273 1563 1327 aliisque
1613 1287 1792 1326 usurpa-

336 1345 421 1383 tur.
497 1341 621 1395 Apud
661 1340 858 1382 Tacitum
896 1340 1090 1395 legimus:
1129 1340 1212 1380 An.
1252 1338 1312 1380 XI
1353 1339 1426 1387 17,
1451 1341 1475 1380 5
1514 1340 1603 1381 lVec
1627 1347 1793 1396 patrem

338 1410 533 1457 rubori,
579 1410 690 1463 quod
717 1409 851 1466 fidem
882 1409 1080 1447 adversus
1116 1407 1324 1447 Romanos
1353 1407 1581 1447 volentibus
1613 1406 1790 1448 Germa-

339 1477 404 1516 nis
434 1483 643 1530 sumptam
674 1490 909 1529 mmuquam
940 1474 1155 1514 omisisset.
1258 1472 1323 1513 An
1362 1471 1464 1514 XIV
1485 1474 1560 1522 55,
1588 1473 1642 1514 16
1683 1475 1792 1515 unde

339 1544 462 1582 etiam
494 1542 616 1582 mihi
645 1542 832 1582 rubori
861 1548 946 1589 est,
984 1540 1095 1595 quod
1117 1541 1368 1595 proecipuus
1399 1541 1573 1581 caritate
1604 1541 1788 1581 nondum

337 1624 474 1650 omnes
496 1609 679 1665 fortuna
709 1607 930 1649 antecellis.

438 1674 591 1717 Restat
637 1689 770 1716 unum
815 1673 939 1716 huius
987 1673 1133 1714 classis
1170 1671 1342 1724 dictum,
1391 1674 1499 1728 quod
1538 1676 1636 1715 ante
1671 1673 1793 1715 Taci-

340 1747 448 1792 tum,
485 1743 594 1796 qnod
632 1742 776 1792 sciam,
815 1755 895 1782 non
935 1741 1150 1781 invenitur
1185 1744 1227 1781 et
1262 1741 1429 1795 quidem
1469 1740 1580 1795 apud
1616 1754 1711 1782 eum
1747 1741 1789 1781 in

339 1811 579 1850 coniectura
615 1812 680 1849 est
715 1809 911 1862 positum.

438 1876 763 1916 Pcenitentioe
811 1875 978 1916 alicui
1025 1889 1139 1915 esse.
1200 1873 1342 1916 Habet
1378 1873 1506 1915 Halm
1543 1875 1627 1915 An.
1669 1873 1707 1915 V
1746 1874 1788 1924 4,

341 1944 364 1983 8
391 1944 707 1998 disserebatque·
726 1943 916 1983 brevibus
945 1942 1160 1983 momentis
1179 1958 1341 1983 surnma
1358 1943 1463 1983 verti
1469 1958 1483 1990 ,·
1508 1956 1634 1998 posse
1654 1957 1789 1997 quan-

337 2010 471 2064 doque
505 2009 652 2049 domus
689 2008 931 2050 Germanici
966 2009 1140 2048 evitium
1173 2010 1495 2064 paenitentiae
1528 2022 1638 2048 esse
1668 2009 1790 2049 seni.

336 2075 385 2116 In
425 2075 605 2117 Mediceo
643 2076 776 2130 primo
812 2079 875 2116 est
911 2075 1166 2130 germanicis
1206 2076 1349 2117 titium
1387 2075 1643 2130 paenitentiae
1663 2075 1787 2115 senis.

336 2142 509 2198 Madvig
553 2144 731 2186 coniecit
772 2159 818 2200 p.
851 2159 888 2199 q.
928 2141 1173 2185 G'ermaniez'
1213 2144 1389 2197 stirpem
1434 2156 1672 2196 resurgere3
1716 2141 1792 2184 da-

336 2216 430 2252 rent
467 2213 649 2267 spatium
674 2211 939 2267 poenitentiae
970 2212 1091 2252 senis.

435 2278 540 2320 Aliae
590 2293 721 2327 voces,
777 2292 870 2333 quae
919 2277 1244 2332 significationis
1296 2280 1487 2330 respectu
1539 2276 1687 2318 habito
1731 2276 1784 2318 ad

337 2344 448 2385 hanc
491 2346 667 2386 classem
702 2345 933 2385 referendae
969 2347 1086 2392 sunt,
1134 2350 1181 2384 ut
1218 2342 1318 2384 'esse
1353 2343 1478 2384 alicui
1512 2344 1681 2398 gaudio,
1722 2344 1790 2384 lae-

338 2411 456 2462 titiae,
509 2412 793 2459 delectationi,
851 2411 1075 2464 voluptati,
1132 2410 1276 2460 dolori,
1331 2409 1630 2461 sollicitudini',
1675 2411 1786 2459 sim„

335 2493 426 2532 quae
478 2479 645 2533 quidem
692 2479 746 2521 ab
782 2478 877 2520 aliis
914 2474 1188 2531 scriptoribus
1226 2477 1337 2519 haud
1374 2492 1471 2519 raro
1509 2478 1785 2526 adhibentur,

335 2546 443 2599 apud
479 2545 675 2588 Tacitum
714 2549 923 2600 nusquam
959 2544 1153 2586 vidimus.

331 2671 386 2715 Β.
426 2670 545 2712 Esse
568 2672 735 2714 alicui
770 2671 1114 2720 absolutioni,
1137 2671 1361 2720 crimini,
1381 2667 1785 2711 obtrectationi.

433 2748 734 2803 Pervnlgatum
771 2756 836 2791 est
872 2749 948 2790 hoc
985 2749 1164 2790 dictum:
