2032 3286
1599 236 1647 271 31

254 359 336 400 que
379 344 423 388 in
465 345 678 401 postremo
720 342 820 397 loco,
863 347 935 402 qui
977 362 1031 390 ex
1065 348 1216 403 quinto
1258 347 1418 390 decimo
1460 348 1566 391 libro
1601 350 1716 405 peti-

252 415 324 456 tus
359 416 439 464 est,
480 414 542 456 ita
562 411 769 465 ‘dativum
802 428 892 457 esse
928 416 1127 469 positum,
1173 418 1223 456 ut
1266 428 1340 469 per
1375 416 1714 460 coniunctionem

252 496 300 522 ac
327 495 424 523 cum
459 480 756 522 enuntiatione
789 480 908 524 finali
942 483 1245 539 coniungatur.

369 856 436 911 ΙΙΙ.
502 857 570 911 De
610 857 779 912 dative
817 857 949 912 finali
985 858 1201 926 newndii
1236 858 1598 926 uerundivique.

349 973 553 1016 Venimus
589 974 642 1016 ad
679 989 773 1016 eam
808 975 934 1016 huius
970 974 1271 1029 disputationis
1306 979 1487 1029 partem,
1525 974 1598 1015 ubi
1625 989 1707 1016 no-

248 1041 312 1082 bis
346 1039 636 1083 disserendum
680 1043 746 1082 est
780 1041 829 1083 de
870 1040 1015 1084 dativo
1049 1040 1245 1097 gerundii
1287 1045 1330 1082 ct
1364 1041 1413 1082 de
1446 1041 1589 1083 dativo
1623 1055 1701 1082 no-

247 1107 374 1149 minis
409 1122 505 1149 cum
539 1101 770 1163 gerundivo
805 1109 999 1150 connexi.
1052 1107 1230 1150 Constat
1248 1107 1361 1149 hunc
1377 1108 1569 1150 dativum
1588 1108 1701 1163 apud

247 1174 427 1230 optimos
468 1175 691 1229 scriptores
735 1178 827 1216 tum
870 1189 921 1216 ex
966 1174 1182 1216 adiectivis
1219 1174 1472 1228 quibusdam
1512 1178 1606 1216 tum
1647 1189 1699 1216 ex

248 1241 374 1283 certis
409 1241 548 1283 verbis
582 1241 950 1296 locutionibusque
984 1240 1163 1296 pendere
1202 1244 1293 1282 tum
1329 1255 1424 1283 cum
1458 1241 1700 1283 nominibus

247 1308 503 1363 quibusdam
538 1308 727 1363 proxime
762 1307 1103 1364 coniungentium
1120 1321 1225 1359 csse,
1263 1307 1373 1362 apud
1390 1307 1587 1350 Tacitum
1603 1322 1704 1349 vero

246 1375 316 1417 hic
350 1389 451 1417 usus
487 1372 622 1416 multo
657 1375 789 1417 latius
824 1378 958 1429 patet.

305 1519 339 1558 1.
401 1517 460 1563 ne
498 1517 581 1562 hec
611 1516 757 1562 dative
795 1528 851 1561 ex
894 1515 1044 1561 verbis
1082 1514 1297 1572 pendente
1326 1516 1393 1561 ve!
1423 1527 1519 1561 cum
1548 1516 1645 1561 tota

656 1581 954 1631 enuntiatione
984 1581 1296 1641 ceniunuende.

344 1690 449 1732 Cum
483 1689 772 1744 superioribus
807 1689 1084 1744 scriptoribus
1118 1688 1292 1732 Tacitus
1328 1689 1414 1731 haec
1448 1688 1534 1731 fere
1569 1688 1702 1732 habet

244 1756 498 1799 communia.
545 1754 863 1799 Nonnullarum
899 1756 1171 1807 locutionum,
1208 1770 1301 1811 quae
1334 1756 1465 1798 etiam
1499 1755 1611 1810 apud
1645 1755 1700 1797 il·-

244 1823 307 1866 los
354 1823 581 1879 scriptores
630 1825 735 1866 sunt
771 1823 1029 1879 frequentes,
1077 1837 1215 1878 pauca
1249 1822 1440 1878 exempla
1474 1823 1580 1865 satis
1615 1823 1697 1865 erit

244 1891 455 1934 attulisse.

344 1958 483 2002 Esse.
550 1957 786 2002 Notissima
809 1960 924 2000 ¹sunt
960 1959 1087 2002 verba
1123 1958 1307 2001 solvendo
1336 1973 1414 2000 uon
1442 1972 1524 1999 esee
1552 1955 1696 2013 (Cic),

242 2027 358 2069 oneri
398 2027 568 2081 ferendo
607 2041 689 2068 cese
736 2025 883 2081 (Liv.).
962 2026 1088 2080 Apud
1141 2025 1337 2067 Tacitum
1386 2038 1518 2065 unum
1570 2023 1700 2066 huius

244 2107 346 2135 usus
381 2094 619 2149 exemplum
653 2093 892 2134 invenimus
935 2091 1021 2134 An.
1057 2091 1141 2134 XII
1178 2091 1255 2142 68,
1294 2090 1321 2131 4
1365 2091 1464 2132 dum
1499 2105 1589 2147 quoe
1625 2092 1699 2141 fo-

243 2167 352 2202 rent
372 2161 585 2217 firmando
616 2159 668 2201 N
668 2159 801 2201 cronia
830 2159 1000 2214 imperio
1028 2166 1330 2214 componuntur.

331 2226 595 2281 Sufficere
624 2225 767 2282 (Liv.).
821 2225 904 2267 An.
934 2224 998 2268 IV
1025 2226 1101 2276 23,
1124 2226 1151 2267 3
1189 2225 1453 2280 nampriores
1480 2226 1599 2267 domes
1629 2225 1699 2267 ubi

243 2294 498 2350 impetrando
544 2292 853 2349 triumphalium
882 2293 1036 2347 insiqm'
1063 2292 1311 2347 sufficere
1339 2307 1403 2333 ree
1431 2308 1526 2334 suae
1558 2293 1697 2335 credi-

243 2362 402 2411 derant,
441 2361 591 2411 boetem
619 2360 861 2402 omittebant.
908 2358 991 2401 An.
1010 2358 1073 2402 VI
1110 2359 1154 2410 4,
1185 2358 1243 2399 13
1280 2359 1525 2412 sufficere
1553 2361 1690 2415 ipsum

242 2429 466 2471 statuendis
498 2428 700 2470 remediis.

344 2495 528 2538 Deeese
557 2494 700 2552 (Liv.).
732 2492 788 2535 Η.
809 2492 875 2535 ΠΙ
892 2494 969 2544 54,
990 2494 1016 2536 8
1053 2510 1122 2537 nee
1150 2494 1270 2535 duces
1299 2493 1470 2535 hostium
1497 2495 1694 2550 anyendoe

240 2563 364 2618 famoe
391 2564 611 2605 deerant.
678 2560 759 2602 An.
796 2559 817 2601 I
857 2561 899 2612 1,
932 2562 959 2602 9
997 2561 1321 2618 temporibusque
1349 2560 1525 2616 Auqusti
1553 2562 1693 2604 dicen-

167 2653 170 2656 *
242 2633 308 2674 dia
342 2634 421 2674 non
456 2630 662 2681 defuere
690 2629 835 2670 decora
863 2629 1038 2684 inqenia,

344 2697 646 2748 Ρνωείἀενε,
673 2710 983 2754 proeponere‚
1013 2698 1270 2753 imponere.
1316 2694 1416 2737 Haec
1440 2696 1571 2740 verba
1591 2711 1693 2740 con-

242 2766 401 2809 similia
440 2767 544 2809 sunt
578 2765 644 2816 iis,
688 2768 782 2820 quae
823 2766 925 2806 sunt
956 2777 1139 2820 pmcne,
1172 2765 1376 2823 prcefiaeere
1413 2763 1519 2821 (cic.
1559 2765 1691 2821 Lim).
