2032 3286
426 233 449 268 6

369 346 531 400 insiyne
560 345 863 394 documentum,
899 345 988 386 Liv.
1026 343 1088 385 IV
1126 344 1201 394 37,
1224 346 1249 384 9
1289 345 1495 385 indicium
1507 346 1710 400 primum,
1731 344 1820 386 biv,

371 410 453 451 VII
492 406 568 459 35,
592 412 615 453 7
655 427 741 453 una
771 412 897 461 salus,
931 411 1033 453 Tae.
1072 410 1176 464 Agr.
1217 411 1292 459 35,
1316 412 1341 451 6
1364 411 1508 466 inyem
1526 407 1715 467 decu3¹)‚
1736 415 1821 452 An.

370 476 436 517 III
473 477 550 526 28,
593 478 650 519 16
689 479 898 520 modicum
934 478 1216 519 levamentum.
1285 473 1393 517 Tum
1429 478 1463 517 si
1502 478 1546 518 in
1582 477 1685 518 alios
1716 477 1824 518 locos

370 543 616 597 diligentius
655 545 922 598 inquirimus,
955 558 1038 584 non
1063 543 1207 585 eadem
1234 557 1403 596 prorsus
1425 543 1590 584 videtur
1609 543 1824 584 sententia

365 624 473 659 esse,
512 610 583 651 ubi
619 611 800 665 scriptus
834 614 899 652 est
935 610 1221 651 nominativus
1258 609 1340 662 (vel
1377 610 1657 666 aecusativus)
1697 613 1825 664 atque

371 677 417 718 in
451 676 535 718 illis
569 677 686 727 locis,
718 678 791 733 qui
826 677 1017 719 dativum
1053 676 1255 731 praebent.
1326 676 1578 732 Priusquam
1605 665 1760 718 autem·
1775 676 1826 718 de

370 744 453 785 'hac
498 759 542 785 re
589 745 857 793 disseramus,
913 744 1209 797 inquirendum
1263 748 1327 785 est
1373 744 1507 795 nobis,
1553 758 1646 798 quae
1679 745 1724 785 in
1762 744 1825 785 his

366 810 540 860 dativis,
588 810 637 852 de
683 811 834 864 quibus
883 810 1065 865 agimuS,
1111 810 1246 851 inesse
1281 811 1471 864 putanda
1506 811 1564 852 sit
1600 810 1661 852 vis
1698 813 1826 865 atque

370 876 640 930 significatio.

471 941 776 998 Regrediamur
811 942 864 984 ad
902 942 1037 984 locum
1073 955 1203 995 supra
1238 947 1610 985 commemoratum
1655 944 1737 986 Cic.
1777 943 1826 985 tle

371 1008 462 1049 Fin.
501 1008 521 1049 I
560 1010 600 1059 7,
641 1010 716 1050 25.
788 1008 839 1050 In
875 1009 947 1050 illo
993 1008 1080 1049 loeo
1121 1008 1249 1049 verba
1285 1009 1390 1050 mihi
1419 1017 1514 1050 sunt
1544 1010 1751 1066 voluptati
1785 1012 1828 1051 et

369 1089 418 1116 ea
453 1090 546 1130 quae
583 1075 821 1129 praeceduut
857 1077 961 1132 quid
991 1075 1069 1116 tibi
1094 1107 1103 1115 .
1122 1107 1130 1116 .
1150 1107 1158 1115 .
1181 1107 1189 1115 .
1215 1075 1443 1131 voluptatis
1473 1077 1615 1134 adfert
1657 1091 1827 1130 prorsus

370 1141 478 1183 idem
515 1142 756 1198 significare
791 1142 1100 1183 eoncedendum
1135 1143 1214 1190 est,
1253 1151 1384 1196 quum
1421 1143 1635 1185 artissime
1654 1143 1766 1184 inter
1784 1157 1828 1184 se

369 1209 652 1263 respondeant
686 1214 728 1251 et
764 1209 842 1251 hoe
877 1208 1037 1250 dietum
1073 1208 1282 1263 gravioris
1320 1209 1483 1251 dicendi
1509 1210 1677 1264 generis
1698 1210 1827 1251 fuisse

371 1275 577 1325 videatur,
617 1277 718 1317 illud
756 1275 958 1317 cotidiani
993 1276 1196 1317 sermonis
1218 1270 1270 1331 ²).
1340 1275 1448 1316 Tum
1486 1275 1706 1318 afferimus
1741 1275 1824 1318 Cic.

370 1342 420 1383 de
454 1342 527 1384 Or.
566 1343 608 1384 II
646 1344 722 1393 49,
762 1344 854 1384 200
888 1344 926 1383 si
956 1344 1005 1391 is,
1037 1344 1135 1397 qui.
1154 1373 1164 1383 .
1183 1374 1191 1382 .
1212 1374 1220 1382 .
1241 1343 1399 1383 civibus
1420 1343 1548 1384 saluti
1567 1344 1828 1384 e.z·istimarer

362 1408 518 1466 fuisse,
549 1410 687 1451 sodali
716 1425 803 1451 meo
835 1409 1043 1449 auxilium
1065 1409 1185 1466 ferre
1215 1424 1296 1449 nou
1319 1411 1563 1464 potuissem,
1602 1410 1673 1450 ubi
1699 1409 1826 1450 verba

372 1475 446 1516 illa
483 1476 691 1517 auoeilium
712 1476 833 1533 ferre
868 1475 977 1516 idem
1013 1475 1152 1516 valere
1189 1475 1309 1516 nobis
1346 1476 1583 1529 putandum
1604 1479 1668 1517 est
1699 1478 1826 1530 atque

372 1542 533 1584 auxilio
575 1558 670 1584 esse.
741 1542 804 1583 Ex
841 1542 919 1583 hac
954 1542 1119 1583 ratione
1155 1541 1258 1582 alios
1294 1556 1459 1596 quoque
1495 1542 1603 1584 locos
1640 1543 1827 1597 aliasque

372 1608 599 1650 locutiones
637 1609 982 1662 interpretamur.
1054 1606 1165 1649 'Haec
1201 1622 1265 1648 res
1304 1608 1404 1649 mihi
1442 1612 1506 1649 est
1541 1609 1824 1657 delectationi,

373 1673 538 1715 solacio'
573 1675 678 1716 nihil
716 1675 829 1716 aliud
865 1677 929 1715 est
963 1689 1091 1728 quam
1129 1673 1225 1715 'haec
1261 1689 1327 1715 res
1365 1674 1467 1715 mihi
1488 1675 1824 1723 delectationem,

373 1740 574 1782 solacium
621 1739 763 1783 affert’
812 1741 888 1790 vel,
934 1743 983 1781 ut
1025 1741 1086 1782 ita
1122 1741 1272 1788 dicam,
1311 1739 1480 1782 'efficit'.
1556 1739 1656 1782 'Hoc
1691 1742 1726 1782 ei
1763 1744 1827 1783 est

374 1806 534 1849 honori'
570 1807 679 1849 idem
715 1810 779 1849 est
815 1810 942 1862 atque
977 1805 1065 1848 'hoe
1101 1807 1301 1849 honorem
1322 1808 1357 1848 ei
1378 1807 1522 1857 affert,
1558 1808 1713 1849 honore
1731 1822 1825 1850 eum

374 1872 538 1924 afficit',
588 1872 852 1915 ’absolutioni
900 1871 976 1915 est'
1023 1874 1132 1915 idem
1179 1875 1288 1928 quod
1326 1873 1469 1916 'efficit
1505 1875 1824 1925 absolutionem,

373 1939 503 1982 efficit
538 1946 586 1982 ut
623 1942 775 1996 aliquis
812 1939 1083 1991 absolvatur',
1123 1940 1315 1982 'utilitati
1351 1939 1426 1982 est'
1466 1941 1573 1983 idem
1600 1942 1709 1996 quod
1731 1940 1828 1983 'uti-

373 2007 537 2049 litatem
574 2006 729 2058 affert',
770 2006 916 2049 'multa
952 2008 1129 2049 honesta
1164 2008 1292 2049 exitio
1319 2006 1447 2050 fuere'
1467 2008 1576 2049 idem
1595 2009 1705 2064 quod
1728 2007 1828 2050 'exi-

369 2074 476 2115 tium
525 2075 778 2125 attulerunt,
829 2075 1077 2124 effecerunt,
1128 2075 1180 2116 ad
1218 2074 1393 2116 exitium
1443 2074 1681 2125 duxerunt',
1728 2074 1829 2117 'esse

370 2137 637 2195 miraculo'3)
673 2142 782 2183 idem
818 2141 926 2197 quod
964 2139 1248 2183 'mirationem
1292 2140 1455 2192 faeere',
1496 2139 1597 2182 'esse
1633 2142 1825 2190 ludibrio,

439 2259 468 2300 ¹)
495 2263 657 2303 Leffioues
678 2275 743 2305 μϊυ
768 2264 861 2296 vallo
892 2267 1030 2302 stetere,
1055 2265 1176 2304 inflans
1203 2265 1363 2294 vivtarioe
1387 2263 1491 2294 decus
1514 2265 1607 2295 eitra
1635 2265 1830 2296 Romanum

369 2319 567 2358 sanquinem
595 2319 741 2351 bellanti
772 2320 947 2359 (bellandi
971 2319 1085 2357 Kritz,
1111 2318 1249 2357 Peter),
1276 2321 1307 2348 et
1333 2318 1521 2358 auxilium,
1546 2320 1577 2350 si
1598 2319 1828 2360 pellet-entur.

369 2373 472 2405 Hune
496 2374 613 2406 locum
638 2376 690 2407 ita
715 2375 980 2416 intellegimus:
1006 2378 1142 2407 stetere
1167 2384 1297 2414 magno
1323 2374 1447 2405 decori
1465 2374 1630 2407 victoriae
1644 2374 1751 2414 (suet.
1766 2376 1829 2408 ’se-

370 2430 523 2469 gerara’)
539 2431 693 2462 bellanti
719 2431 759 2470 (i.
786 2441 816 2463 e.
842 2430 1037 2471 Agricolae)
1064 2433 1101 2461 et
1126 2429 1264 2461 auxilio
1290 2429 1537 2470 pugnantibus
1563 2430 1637 2469 (vel
1663 2431 1828 2463 subsidio

370 2485 516 2517 auxiliis
539 2486 703 2527 peditum
731 2485 1022 2528 equitibusque).
1071 2486 1113 2517 In
1138 2484 1381 2526 appositionis
1406 2485 1486 2518 loeo
1512 2489 1704 2528 utrumque
1721 2496 1829 2519 mem-

369 2539 471 2571 brum
486 2544 540 2572 est
564 2543 733 2582 positum,
755 2545 793 2574 et
818 2541 966 2574 auditur
979 2541 1216 2582 participium
1232 2541 1425 2581 quoddam,
1440 2544 1480 2572 ut
1494 2545 1550 2573 est
1564 2536 1672 2573 οὖσαι.
1697 2542 1829 2573 Durior

369 2597 427 2627 est
449 2595 553 2629 huius
577 2598 647 2629 loci
674 2597 884 2639 explicatio,
912 2598 943 2630 si
968 2597 1166 2630 retinemus
1192 2596 1389 2629 lectionem
1416 2597 1494 2629 cod.
1520 2597 1687 2630 bellandi.

438 2649 467 2690 ²)
493 2652 545 2684 Οἱ.
569 2654 778 2694 ΝἰΘΙὲῃᾶθτ,
809 2655 882 2687 Der
906 2654 1039 2687 Faetit.
1070 2654 1223 2686 Dativus
1248 2654 1287 2685 in
1313 2654 1384 2684 den
1411 2653 1575 2685 Ciceron.
1601 2654 1711 2692 Sehr„
1738 2664 1771 2694 p.
1797 2655 1827 2685 8.

437 2705 467 2744 ³)
495 2708 702 2740 Mirm-ulum
730 2710 768 2741 iu
793 2710 861 2742 hoe
887 2710 986 2742 dicto
1013 2720 1084 2741 non
1109 2713 1166 2742 est
1190 2718 1248 2741 res
1274 2707 1469 2745 mirabilis,
1493 2709 1628 2740 factum
1646 2708 1828 2748 mirabile,

366 2764 434 2797 sed
459 2773 524 2804 pro
550 2764 743 2805 abstracto,
769 2767 866 2807 quod
891 2766 1037 2806 dicitur,
1063 2765 1327 2807 accipiendum.
