2032 3286
1617 249 1664 283 31

273 371 354 412 que
398 357 441 399 in
484 358 695 412 postremo
738 355 838 408 loco,
883 359 954 413 qui
998 373 1050 401 ex
1085 360 1235 414 quinto
1278 359 1436 401 decimo
1478 361 1584 403 libro
1619 363 1733 416 peti-

271 427 342 466 tus
378 427 457 475 est,
499 426 560 466 ita
580 423 787 477 dativum
822 439 911 467 esse
948 426 1146 479 positum,
1194 429 1242 466 ut
1286 439 1359 480 per
1394 428 1731 471 coniunctionem

271 507 318 533 ac
346 506 442 534 cum
478 492 774 533 enuntiatione
809 491 927 533 finali
963 493 1265 548 coniungatur.

387 868 454 922 ΙΙΙ.
521 868 588 921 De
628 868 797 922 dativo
836 868 968 922 finali
1005 869 1220 936 uer-undii
1256 870 1617 937 gerundivique.

367 984 571 1027 Venimus
608 984 660 1026 ad
698 999 792 1026 eam
828 985 953 1027 huius
989 985 1290 1040 disputationis
1325 990 1506 1041 partem,
1544 985 1616 1027 ubi
1643 999 1725 1027 no-

266 1052 330 1094 bis
365 1052 654 1094 disserendum
699 1056 765 1094 est
799 1052 847 1094 de
889 1053 1033 1095 dativo
1067 1053 1263 1107 gerundii
1305 1058 1348 1094 et
1382 1053 1431 1094 de
1465 1054 1607 1095 dativo
1642 1067 1719 1094 no-

265 1117 392 1161 minis
428 1132 522 1161 cum
558 1118 788 1174 gerundivo
823 1119 1016 1162 connexi.
1070 1118 1248 1162 Constat
1266 1118 1378 1161 hunc
1396 1119 1587 1162 dativum
1606 1119 1718 1175 apud

265 1185 445 1240 optimos
486 1186 709 1240 scriptores
753 1189 844 1228 tum
888 1201 938 1228 ex
983 1186 1199 1228 adiectivis
1236 1186 1489 1240 quibusdam
1531 1190 1623 1228 tum
1665 1201 1717 1228 ex

267 1252 392 1293 certis
427 1252 565 1293 verbis
600 1252 967 1306 locutionibusque
1001 1252 1180 1307 pendere
1220 1255 1311 1293 tum
1347 1266 1442 1294 cum
1476 1253 1718 1294 nominibus

265 1318 520 1373 quibusdam
555 1319 744 1374 proxime
779 1318 1120 1375 coniungentium
1137 1333 1242 1370 esse,
1281 1318 1390 1374 apud
1408 1318 1604 1362 Tacitum
1622 1334 1722 1361 vero

264 1386 333 1428 hic
367 1400 468 1428 usus
505 1386 639 1427 multo
675 1386 806 1428 latius
841 1389 974 1440 patet.

323 1529 356 1569 1.
418 1527 477 1573 nc
515 1527 598 1573 hoc
629 1526 774 1572 dativo
812 1538 867 1572 ox
911 1525 1060 1572 vorbis
1099 1525 1314 1583 pendente
1343 1527 1410 1572 ve!
1441 1537 1536 1572 cum
1566 1527 1663 1572 tota

674 1594 971 1640 enuntiatione
1001 1593 1313 1650 coniungendo.

362 1699 466 1741 Cum
501 1699 789 1752 superioribus
824 1699 1101 1753 scriptoribus
1136 1698 1309 1741 Tacitus
1345 1699 1432 1740 haec
1466 1698 1552 1740 fere
1588 1699 1721 1741 habet

262 1765 515 1808 communia.
562 1763 880 1807 Nonnullarum
916 1765 1188 1816 locutionum,
1226 1779 1318 1820 quae
1352 1766 1483 1807 etiam
1517 1765 1630 1820 apud
1664 1765 1719 1807 il-

262 1832 324 1874 los
372 1832 598 1887 scriptores
648 1834 751 1873 sunt
788 1833 1046 1886 frequentes,
1094 1846 1233 1886 pauca
1267 1832 1458 1886 exempla
1492 1833 1598 1873 satis
1635 1833 1716 1873 erit

262 1899 473 1942 attulisse.

362 1966 499 2007 Esse.
567 1965 802 2007 Notissima
837 1967 940 2006 sunt
977 1967 1104 2008 verba
1140 1967 1324 2008 ‚solvendo
1354 1980 1432 2007 uon
1461 1980 1542 2006 esee
1571 1964 1715 2021 (Cic),

260 2035 374 2075 oneri
416 2034 584 2085 ferendo
624 2048 706 2074 esse
753 2031 899 2087 (Lim).
980 2033 1105 2086 Apud
1159 2033 1355 2073 Tacitum
1405 2046 1537 2072 unum
1589 2032 1718 2073 huius

262 2112 363 2140 usus
399 2100 636 2155 exemplum
670 2098 910 2139 invenimus
952 2097 1038 2140 An.
1075 2097 1159 2140 XII
1196 2098 1273 2148 68,
1313 2097 1340 2138 4
1384 2098 1482 2138 dum
1518 2111 1607 2153 quae
1644 2099 1718 2147 fo·

261 2174 370 2208 rent
391 2167 603 2223 firmando
634 2165 685 2207 N
687 2166 819 2207 eronie
849 2166 1018 2220 imperio
1046 2172 1349 2220 componuntur.

350 2232 614 2287 Sufficere
643 2231 786 2289 (Liv.).
840 2231 923 2274 An.
953 2230 1016 2274 IV
1044 2232 1120 2282 23,
1143 2232 1170 2273 3
1207 2231 1471 2286 nampriores
1498 2232 1617 2273 duces
1646 2231 1716 2272 ubi

262 2300 517 2355 impetrando
564 2300 873 2356 triumphalium
903 2300 1055 2354 insiyni
1083 2299 1330 2353 sufficere
1358 2312 1421 2338 res
1449 2313 1543 2339 suas
1575 2299 1713 2340 eredi-

262 2367 421 2418 derant,
461 2367 611 2410 hostem
640 2367 881 2409 omittebant.
929 2365 1012 2408 An.
1030 2364 1093 2409 VI
1130 2366 1174 2417 4,
1205 2364 1263 2406 13
1301 2365 1542 2418 sufficere
1570 2366 1706 2420 ipsum

261 2435 486 2476 xtatuendie
518 2435 720 2476 remediis.

362 2500 547 2543 Deesse
577 2500 720 2557 (Liv.).
752 2498 808 2541 H.
829 2498 895 2541 III
913 2500 989 2551 54,
1011 2501 1037 2542 8
1074 2517 1143 2543 nee
1171 2501 1290 2541 duces
1319 2499 1487 2540 hostium
1515 2499 1710 2553 augenda?

258 2567 382 2619 famoe
410 2569 631 2609 deerant.
698 2566 779 2608 An.
817 2566 836 2606 Ῑ
877 2567 919 2617 1,
953 2568 979 2608 9
1018 2568 1340 2623 temporibusque
1368 2565 1542 2619 Augusti
1570 2566 1710 2607 dicen-

260 2635 326 2676 dis
360 2650 440 2676 non
475 2633 681 2684 defuere
710 2634 855 2674 decora
884 2634 1059 2688 inqenia,

362 2701 665 2750 Praesidere‚
692 2715 1003 2756 praeponere,
1033 2703 1289 2757 imponere.
1336 2697 1433 2739 Haec
1458 2699 1588 2741 verba
1608 2714 1710 2742 con-

260 2767 419 2810 similia
458 2769 561 2810 sunt
597 2766 663 2817 iis,
708 2770 801 2822 quae
843 2769 944 2809 sunt
976 2781 1158 2822 proeeeee,
1191 2766 1393 2825 proeficere
1431 2763 1536 2821 (Cic.
1576 2766 1710 2823 Lim).
