2032 3286
1577 222 1628 265 3'9

335 342 384 386 ln
421 338 672 400 quibusdam
718 343 819 385 locis
863 343 1036 387 Tacitus
1067 359 1157 387 suo
1191 358 1304 387 more
1347 343 1400 386 ad
1434 343 1687 387 variandam

234 398 468 455 orationem
511 409 702 453 dativum
745 409 908 453 videtur
948 410 1208 456 adhibuisse:
1253 411 1336 455 An.
1374 410 1418 454 II
1455 412 1513 455 37
1551 412 1686 470 refero

234 480 288 520 ad
331 482 377 521 et
417 493 533 534 sequ.
581 477 688 528 dat„
737 478 820 520 An.
868 476 974 520 XIII
1027 480 1079 520 11
1130 480 1296 536 mdyare
1340 493 1455 535 sequ.
1504 483 1548 521 et
1593 478 1680 521 dat.

231 549 277 587 et
324 560 421 602 gen.
471 544 648 601 gerund.
685 544 749 589 Cf.
798 560 925 602 oppov
926 553 1044 587 uenus
1073 560 1186 601 sequ.
1223 547 1311 589 dat.
1350 550 1393 588 et
1428 549 1482 588 ad
1519 545 1684 588 An.11

331 693 473 746 Atque
509 691 638 732 etiam
673 689 708 731 si
744 703 827 739 eos,
865 688 915 730 de
949 689 1116 744 quibus
1135 691 1219 732 iam
1255 691 1450 742 diximus,
1489 691 1598 733 locos
1618 691 1681 733 ita

231 757 498 813 explicandos
534 769 766 808 censemus,
803 755 973 811 plurimi
1009 756 1087 798 loci
1121 758 1298 812 restant,
1336 758 1406 813 qui
1443 758 1532 800 eius
1569 756 1680 799 modi

230 815 552 878 explicationem
589 828 784 877 respuere
820 822 1056 865 videantur.
1127 822 1177 864 In
1212 823 1278 865 his
1313 824 1425 874 locis,
1443 825 1517 880 qui
1535 837 1681 867 omnes

219 890 316 933 rfere
365 891 409 933 in
456 890 698 933 Annalibus
747 891 908 940 insunt,
957 889 1099 931 dativo
1145 890 1324 932 nominis
1374 890 1680 947 gerundivique

228 957 356 1000 finem
392 957 602 1014 quendam
638 957 899 1012 propositum
934 955 1167 1011 significari
1200 955 1380 1012 persaepe
1404 958 1679 1000 manifestum

229 1029 306 1066 est.
380 1024 639 1080 Inspiciatur
674 1024 762 1079 ipse
796 1023 920 1065 index
957 1022 1153 1065 locorum.
1225 1022 1399 1079 Atque'
1389 1040 1432 1066 ιιι
1451 1025 1550 1066 locis
1569 1039 1676 1067 non-

228 1092 370 1141 nullis,
407 1096 457 1133 ut
493 1093 577 1134 An.
608 1090 688 1133 XV
727 1091 784 1132 18
822 1090 1128 1132 dissimulandis
1156 1092 1265 1132 euris
1298 1093 1341 1132 et
1376 1091 1455 1133 An.
1494 1090 1575 1133 XV
1611 1093 1671 1133 69

229 1160 520 1201 dissimulando
555 1168 670 1208 meta,
708 1158 872 1201 dativos
908 1170 1078 1212 prorsus
1104 1158 1190 1201 vice
1207 1158 1545 1201 enuntiationum
1566 1158 1673 1201 fiua-

228 1225 330 1268 lium
367 1224 488 1280 fungi
524 1226 672 1280 negari
709 1239 792 1267 uon
828 1226 981 1279 potest.

326 1415 364 1454 ν..
425 1411 483 1457 uo
513 1411 597 1458 hoc
620 1411 772 1476 ,dativo
802 1422 859 1457 ex
888 1411 1114 1459 adiectivis
1145 1412 1354 1470 pendente
1384 1412 1450 1458 νοΙ
1481 1423 1573 1459 cum

551 1490 779 1536 adiectivis
807 1491 1003 1548 proximo
1032 1492 1341 1551 coniunmndo.
1610 1484 1615 1490 ’

294 1626 298 1631 -
321 1595 463 1647 Quum'
509 1596 577 1639 hic
626 1597 744 1642 nobis
797 1611 879 1639 non
934 1595 1293 1657 proposuerimus,
1342 1600 1390 1639 ut
1433 1597 1483 1639 de
1529 1598 1672 1640 dativo

221 1663 420 1706 universo
466 1678 704 1720 ageremus,
754 1678 822 1707 eos
856 1664 966 1708 locos
1000 1664 1068 1707 hic
1103 1666 1251 1709 missos
1285 1665 1406 1715 facio,
1443 1666 1486 1707 in
1521 1665 1671 1721 quibus

221 1727 392 1773 dativus
426 1731 650 1787 gerundivi
685 1726 778 1774 cum
816 1732 869 1774 iis
905 1727 1120 1775 adiectivis
1146 1733 1430 1788 coniungitur,
1450 1746 1542 1788 quae
1561 1730 1669 1774 haud

222 1792 318 1840 raro
353 1797 543 1841 dativum
581 1811 724 1841 casum
760 1798 840 1841 sibi
877 1800 1101 1852 asciscant,
1140 1803 1188 1844 ιιι
1222 1806 1323 1843 sunt
1358 1807 1474 1856 aptus
1508 1798 1583 1855 (H.
1605 1797 1670 1841 III

224 1865 300 1916 31,
342 1866 421 1924 16)
454 1867 600 1924 facilis
635 1866 735 1920 (Αιι.
774 1865 814 1909 V
855 1867 927 1919 11,
968 1867 1019 1923 2)
1056 1868 1199 1910 habilis
1234 1868 1321 1920 (Au
1371 1865 1456 1908 XII
1491 1867 1566 1917 41,
1606 1866 1667 1924 3),

219 1933 411 1977 inhabilis
445 1932 548 1992 (An.
586 1932 651 1977 III
690 1934 766 1986 43,
811 1934 901 1994 11),
939 1937 1105 1979 idoneus
1139 1935 1240 1992 (An.
1272 1934 1292 1978 Ῑ
1324 1933 1670 1994 23,15),impar

220 2000 292 2055 (H.
331 2000 393 2044 IV
433 2003 474 2052 1,
516 2002 608 2060 16),
646 2005 872 2045 incuriosus
907 2003 1008 2056 (An.
1043 2002 1147 2047 XIV
1183 2005 1258 2054 38,
1298 2004 1357 2057 8),
1395 2004 1565 2044 intentus
1592 2000 1665 2055 (H.

220 2067 282 2112 IV
320 2070 396 2121 69,
439 2069 530 2128 17),
567 2078 749 2112 'naturus
785 2069 858 2125 (Η.
897 2069 938 2113 II
979 2071 1018 2120 1,
1058 2071 1122 2126 5),
1160 2071 1297 2114 melior
1332 2069 1403 2123 (H.
1427 2068 1487 2112 IV
1507 2069 1581 2120 71,
1605 2071 1666 2127 3),

216 2144 430 2193 promptus
466 2138 569 2190 (An.
605 2136 689 2179 XII
726 2137 769 2189 4,
811 2138 870 2195 7),
909 2137 964 2180 al.

319 2213 468 2257 Affero
497 2230 594 2258 vero
613 2215 689 2258 hos
707 2216 829 2268 locos,
850 2217 893 2258 in
912 2217 1064 2273 quibus
1083 2216 1145 2258 vel
1163 2215 1301 2257 minus
1322 2215 1483 2257 usitata
1500 2214 1668 2258 videtur

220 2281 415 2324 adiectivi
435 2296 530 2324 cum
549 2282 693 2325 dativo
712 2297 812 2326 casu
828 2286 1044 2326 structura
1062 2283 1125 2326 vel
1144 2282 1408 2325 manifestior
1426 2283 1537 2324 inest
1555 2281 1667 2325 dati-

220 2349 261 2390 vi
279 2347 420 2392 finalis
450 2349 720 2405 significatio.
775 2350 826 2392 G.
871 2352 942 2401 11,
967 2351 993 2392 5
1013 2351 1222 2406 ayeudis
1250 2350 1396 2391 rebus
1425 2350 1496 2391 hoc
1524 2354 1662 2406 auspi-

217 2417 461 2458 catissimnm
474 2408 638 2459 ⁴inicium
657 2419 835 2466 credunt,
893 2416 949 2460 H.
971 2416 1014 2459 II
1034 2417 1076 2466 5,
1101 2416 1158 2457 14
1178 2425 1262 2458 arte
1278 2418 1518 2472 vomposicus
1533 2419 1599 2459 ad
1606 2418 1667 2460 li-

219 2484 415 2526 ciendis
443 2483 561 2525 etium
578 2484 766 2526 Muciani
784 2485 1014 2526 inauribus.
1072 2482 1253 2531 Η.116,
1276 2484 1334 2525 20
1349 2485 1581 2539 parando
1600 2486 1668 2527 in-

219 2553 334 2594 terim
352 2551 473 2593 bello
497 2553 710 2593 seeundum
725 2559 928 2609 tutumque
943 2555 1074 2608 ipsu-m
1090 2567 1211 2593 mare.
1246 2549 1301 2592 H.
1323 2550 1386 2594 IV
1411 2551 1449 2600 1,
1470 2550 1526 2594 16
1547 2554 1668 2596 duces

213 2620 394 2675 partium
423 2618 738 2660 accendendo
753 2619 861 2659 civ-ili
889 2619 1011 2662 bello
1027 2634 1147 2660 tto-res.
1165 2632 1251 2673 eqs.
1290 2617 1344 2660 Η.
1366 2617 1428 2660 IV
1452 2619 1526 2671 ll,
1549 2619 1575 2662 6
1596 2624 1667 2663 sed

218 2688 357 2730 ‹tivitas
396 2686 647 2728 rimandis
690 2686 904 2744 offensis
948 2701 1077 2742 sayna:
1118 2699 1205 2741 eqs.
1277 2685 1332 2729 H.
1372 2685 1432 2730 IV
1478 2688 1555 2740 68,
1603 2689 1663 2732 29

218 2744 404 2796 'turbidus
440 2755 707 2796 miscendis
746 2753 1102 2796 seditionibus.
1161 2753 1245 2795 Au.
1283 2753 1327 2796 II
1364 2755 1441 2806 57,
1482 2757 1506 2799 7
1547 2759 1667 2799 amici
