2032 3286
456 221 505 254 30

399 356 452 362 -
493 332 579 373 An.
618 330 698 374 XV
739 333 813 382 10,
854 334 913 375 20
952 335 1137 390 expediri
1174 341 1305 376 tamen
1335 334 1518 375 itineri
1546 332 1705 387 sinyula
1734 333 1849 375 milia

390 414 439 440 ea:
483 399 611 439 tribus
648 400 870 456 leyionibus
892 432 901 442 .
921 433 928 442 .
948 432 983 443 ..
1016 403 1131 442 iussit
1165 401 1192 442 i.
1223 415 1258 442 e.
1297 398 1363 442 'ad
1408 400 1490 441 iter
1532 398 1772 442 faciendum
1790 394 1847 457 ¹),

389 467 439 505 ut
474 464 680 518 proficisci
717 465 917 521 possent'.
957 492 1021 500 —
1057 467 1140 509 An.
1162 467 1242 509 XV
1280 468 1356 517 28,
1400 467 1458 507 14
1495 469 1539 508 in
1568 473 1699 508 castra
1734 466 1848 508 Tiri-

389 533 498 573 datis
544 548 693 584 venere,
738 535 926 575 honori
955 536 1038 576 eius
1067 551 1113 577 ac
1151 551 1197 577 ne
1228 542 1421 576 metueret.
1458 535 1631 576 insidias
1671 532 1743 573 tali
1775 534 1848 589 pi-

386 614 526 655 φιυνε,
562 614 741 654 quocum
778 601 1021 642 conferatur
1056 602 1139 643 An.
1177 601 1220 643 ΙΙ
1259 603 1300 652 7,
1341 602 1384 642 9.

490 665 613 708 Addo
657 667 805 709 dubios
848 667 922 709 hos
967 668 1090 711 locos.
1129 667 1184 710 H.
1221 668 1242 709 I
1280 668 1355 718 44,
1403 668 1456 709 13
1495 678 1713 722 'omraesque
1749 682 1844 707 con-

387 735 498 788 quiri
532 741 566 774 et
596 735 764 791 interfici
792 736 922 782 iussit,
962 751 1041 777 non
1070 737 1253 777 honori
1281 735 1433 783 Gallae,
1463 736 1532 776 sed
1561 735 1708 775 tradito
1722 736 1846 789 prin-

387 800 540 854 cipibus
570 815 689 843 more.
754 801 823 842 Ita
859 800 1114 856 Nipperdey,
1153 802 1284 844 Halm
1319 802 1447 844 habet
1482 799 1644 845 honore.
1714 799 1758 843 Si
1793 800 1845 841 il-

386 866 457 908 lud
494 866 769 921 praeferimus,
808 868 862 910 cf.
901 868 986 911 An.
1024 869 1067 911 II
1107 871 1148 921 7,
1188 871 1231 921 9,
1271 868 1351 912 XV
1389 870 1464 919 28,
1507 869 1579 910 14.
1625 894 1677 899 -
1717 866 1772 909 H.
1800 866 1844 909 II

391 934 463 983 10,
508 934 563 974 10
602 935 656 975 Id
685 943 844 976 senatus
874 937 1101 979 consultum
1132 939 1241 978 varie
1271 939 1463 978 iactatum
1494 944 1540 984 et,
1563 943 1691 990 prout
1702 943 1845 990 poten-s·

387 1000 447 1043 vel
489 1001 605 1057 inops
648 1017 740 1044 reus
784 1003 991 1051 inciderat,
1044 1005 1252 1062 infirmum
1292 1011 1361 1045 aut
1407 1003 1598 1052 validum,
1646 1002 1841 1045 retineba-

383 1075 449 1107 tur
483 1069 615 1109 adhuc
650 1072 845 1110 terrori
886 1070 913 1110 i.
946 1084 982 1110 e.
1029 1069 1092 1111 'ad
1145 1073 1350 1111 terrorem
1404 1067 1700 1111 iniiciendum'.
1774 1067 1845 1108 Ita

383 1132 526 1177 Halm.
563 1133 737 1177 Heraeus
764 1136 934 1178 coniicit
958 1139 1013 1179 ad
1042 1154 1145 1178 vana.
1170 1139 1351 1186 terroris,
1383 1135 1556 1192 Madvig
1584 1135 1776 1177 retinebat
1806 1152 1842 1176 a.

382 1209 565 1243 terrores

479 1267 677 1310 Fortasse
728 1270 859 1312 etiam
906 1269 1150 1312 afferendus
1192 1273 1257 1311 est
1302 1270 1417 1312 locus
1461 1268 1545 1310 An.
1589 1267 1652 1310 VI
1687 1269 1773 1318 20,
1813 1268 1840 1308 2

380 1332 510 1376 Gaius
563 1334 697 1377 Coesar
742 1336 987 1381 Claudiam.
1005 1370 1013 1379 .
1032 1369 1042 1379 .
1061 1371 1070 1379 .
1101 1339 1337 1393 coniuyio
1364 1339 1522 1392 accepit
1551 1335 1703 1378 collato
1732 1335 1844 1377 dicto

381 1403 421 1442 in
465 1403 768 1445 matrimonium
809 1407 989 1461 accipere
998 1419 1012 1453 ,·
1053 1404 1115 1447 ita
1156 1405 1339 1460 coniuyio
1380 1403 1491 1446 idem
1536 1405 1600 1445 est
1635 1402 1744 1458 quod
1782 1399 1842 1444 'ut

380 1470 626 1523 coniugium
668 1468 773 1511 fiat’.
845 1471 923 1513 Sed
967 1472 1070 1512 illud
1116 1474 1297 1526 coniuqio
1337 1474 1468 1513 etiam
1506 1470 1682 1512 ablativi
1717 1483 1842 1510 casus

380 1548 471 1576 esse
505 1549 727 1590 possumus
763 1537 1021 1580 existimare.
1063 1563 1123 1569 —
1161 1536 1320 1591 Contra
1355 1552 1405 1580 ea
1440 1537 1580 1592 potius
1617 1535 1839 1578 amovendi

380 1602 577 1643 videntur
612 1603 704 1652 loci,
755 1605 892 1657 qualis
928 1607 994 1646 est
1036 1605 1121 1645 An.
1160 1604 1222 1646 IV
1259 1606 1301 1654 9,
1344 1606 1369 1646 6
1408 1604 1463 1645 M
1468 1605 1629 1646 emori
1640 1619 1672 1644 ω
1701 1603 1842 1644 Drusi

379 1669 529 1715 eadem,
564 1683 654 1724 quoe
691 1671 734 1711 in
771 1668 1076 1719 Germanicum,
1109 1672 1379 1712 decernuntur
1417 1684 1504 1725 eqs.
1571 1668 1836 1711 Conferimus

379 1733 463 1774 Au.
500 1733 563 1776 IV
603 1735 676 1784 15,
719 1735 777 1776 14
820 1738 1022 1778 deerevere
1059 1737 1171 1778 Asiae
1199 1737 1317 1778 urbes
1348 1736 1537 1792 templum
1571 1735 1743 1782 Tiberio,
1778 1760 1831 1768 -·—

377 1799 595 1842 Postremo
630 1815 765 1855 pauca
803 1803 852 1844 de
888 1803 975 1844 loco
1009 1802 1059 1844 G.
1100 1804 1175 1852 28,
1216 1804 1275 1844 20
1317 1803 1384 1844 Ne
1429 1803 1526 1843 Ubii
1555 1803 1835 1858 quidem....

377 1868 530 1921 oriyz'ne
559 1868 803 1918 erubescunt,
834 1872 1075 1924 numme-ssi
1095 1870 1189 1911 olim
1218 1877 1253 1911 et
1282 1870 1624 1925 experimento
1642 1869 1749 1926 fidei
1763 1883 1835 1909 su-

369 1948 447 1987 per
482 1936 615 1988 ipsam
653 1936 786 1977 Rheni
818 1939 955 1992 ripam
984 1937 1174 1986 collocati,
1211 1944 1252 1977 ut
1281 1945 1473 1982 arcerent,
1512 1951 1591 1977 non
1631 1943 1673 1975 ut
1701 1944 1836 1976 cusw-

376 2001 571 2044 direntur.
638 2000 775 2057 Roby,
824 2002 952 2046 Latin
994 2001 1233 2054 Grammar,
1280 2001 1337 2054 Π,
1376 2001 1548 2045 Prefaee
1593 2017 1634 2057 p.
1672 1999 1830 2052 XLIII,

373 2066 494 2107 inder
527 2067 717 2109 dativum
755 2072 799 2111 et
833 2070 1069 2111 ablativum
1105 2070 1287 2111 dubitat.
1342 2069 1408 2110 Ex
1426 2069 1589 2110 ultimis
1609 2068 1835 2109 sententiae

373 2133 503 2175 virbis
546 2143 588 2176 ut,
622 2145 803 2179 arcerent
839 2152 924 2192 eqs.
965 2136 1241 2179 manifestum
1281 2135 1332 2177 fit
1375 2149 1518 2177 vocem
1553 2137 1825 2191 emperimento

375 2213 449 2254 pro
484 2201 671 2243 ablativo
706 2217 842 2246 eausae
876 2218 964 2245 esse
1000 2203 1380 2258 interpretandam,
1412 2204 1462 2243 111
1495 2205 1693 2256 putemus
1713 2201 1824 2242 idem

374 2281 462 2308 esse
497 2269 606 2322 quod
643 2267 829 2324 'propter
864 2273 1085 2325 expertam
1120 2270 1430 2324 probatamque
1464 2267 1615 2311 fidem'.

472 2345 671 2389 Videmus
708 2349 841 2404 igitur
877 2349 990 2391 hunc
1032 2347 1165 2390 dativi
1200 2361 1322 2388 usum
1359 2347 1402 2388 in
1439 2346 1669 2389 minoribus
1694 2346 1829 2400 scrip-

371 2413 425 2453 tis
461 2421 505 2455 et
540 2417 582 2455 in
622 2414 823 2457 Historiis
871 2416 1087 2458 rarissime
1129 2415 1310 2456 inveniri
1347 2417 1391 2456 et
1425 2415 1590 2456 dativos
1626 2413 1829 2468 proximis

372 2481 521 2530 verbis,
561 2482 813 2537 quibuscum
851 2481 1129 2525 connectendi
1157 2481 1259 2532 sint,
1293 2482 1413 2536 quasi
1434 2481 1683 2531 sustentari,
1715 2482 1830 2522 certe

373 2548 584 2590 artissime
620 2565 714 2591 cum
752 2551 802 2592 iis
839 2549 1125 2605 coniugendos
1161 2564 1263 2599 esse,
1302 2550 1347 2590 in
1382 2548 1623 2590 Annalibus
1652 2561 1750 2589 vero
1785 2550 1829 2587 et

372 2614 504 2654 multo
542 2617 870 2670 frequentiorem
911 2616 1023 2658 hunc
1058 2629 1180 2657 usum
1216 2630 1305 2658 esse
1340 2618 1383 2657 et
1419 2615 1548 2657 latius
1582 2616 1729 2669 patere
1760 2615 1828 2654 at—

437 2755 467 2800 ⁸)
493 2758 546 2791 cf.
570 2759 613 2792 H.
636 2761 671 2793 II
694 2762 747 2802 99,
773 2762 792 2793 2
826 2761 999 2795 Coecinam
1023 2771 1065 2794 ac
1096 2759 1281 2796 Valentem
1310 2758 1472 2800 eoepedirz·
1496 2757 1545 2789 ad
1569 2755 1695 2788 bellum
1718 2754 1829 2787 iubet.
